{"gold_per_floor":[119,3,3,3,23,58,58,83,83,110,142,154,166,192,204,216],"floor_reached":16,"playtime":764,"items_purged":["Strike_G"],"score":220,"play_id":"1b7aeffe-ee38-4cff-8e86-827e79269574","local_time":"20221208222754","is_ascension_mode":true,"campfire_choices":[{"data":"Choke","floor":7,"key":"SMITH"},{"floor":12,"key":"REST"},{"floor":15,"key":"REST"}],"neow_cost":"NONE","seed_source_timestamp":191455804237200,"circlet_count":0,"master_deck":["AscendersBane","Strike_G","Strike_G+1","Strike_G","Strike_G","Defend_G","Defend_G","Defend_G","Defend_G","Survivor","Neutralize+1","Deflect","Endless Agony","Footwork","Choke+1","Calculated Gamble","Cloak And Dagger","Accuracy","Noxious Fumes","Predator"],"relics":["Ring of the Snake","Matryoshka","Calipers","Ancient Tea Set","MawBank"],"potions_floor_usage":[6,16],"damage_taken":[{"damage":0,"enemies":"Jaw Worm","floor":1,"turns":6},{"damage":0,"enemies":"Small Slimes","floor":5,"turns":3},{"damage":16,"enemies":"Lagavulin","floor":6,"turns":7},{"damage":8,"enemies":"3 Sentries","floor":8,"turns":11},{"damage":4,"enemies":"Cultist","floor":10,"turns":4},{"damage":7,"enemies":"3 Louse","floor":11,"turns":4},{"damage":3,"enemies":"Looter","floor":14,"turns":3},{"damage":44,"enemies":"Slime Boss","floor":16,"turns":6}],"seed_played":"-1013368722212422270","potions_obtained":[{"floor":1,"key":"LiquidBronze"},{"floor":14,"key":"Fire Potion"}],"is_trial":false,"path_per_floor":["M","$","?","?","M","E","R","E","T","M","M","R","$","M","R","B"],"character_chosen":"THE_SILENT","items_purchased":["Footwork"],"campfire_rested":2,"item_purchase_floors":[2],"current_hp_per_floor":[59,59,39,39,39,23,23,15,15,11,4,23,23,20,39,0],"gold":216,"neow_bonus":"TRANSFORM_CARD","is_prod":false,"is_daily":false,"chose_seed":false,"campfire_upgraded":1,"win_rate":0,"timestamp":1670556474,"path_taken":["M","$","?","?","M","E","R","E","T","M","M","R","$","?","R","BOSS"],"build_version":"2022-12-01","purchased_purges":1,"victory":false,"max_hp_per_floor":[66,66,66,66,66,66,66,66,66,66,66,66,66,66,66,66],"card_choices":[{"not_picked":["Riddle With Holes","Dagger Spray"],"picked":"Endless Agony","floor":1},{"not_picked":["Sucker Punch","Reflex"],"picked":"Calculated Gamble","floor":5},{"not_picked":["Outmaneuver","Dagger Throw"],"picked":"Cloak And Dagger","floor":6},{"not_picked":["Phantasmal Killer","Masterful Stab"],"picked":"Accuracy","floor":8},{"not_picked":["Bane","Footwork"],"picked":"Noxious Fumes","floor":10},{"not_picked":["Dagger Throw","Deadly Poison"],"picked":"Predator","floor":11},{"not_picked":["Deflect","Expertise","Deadly Poison"],"picked":"SKIP","floor":14}],"player_experience":1275971,"relics_obtained":[{"floor":6,"key":"Matryoshka"},{"floor":8,"key":"Calipers"},{"floor":9,"key":"Ancient Tea Set"},{"floor":9,"key":"MawBank"}],"event_choices":[{"damage_healed":0,"gold_gain":0,"player_choice":"Entered Light","damage_taken":20,"max_hp_gain":0,"max_hp_loss":0,"event_name":"Shining Light","floor":3,"gold_loss":0,"cards_upgraded":["Neutralize","Strike_G"]},{"damage_healed":0,"gold_gain":0,"player_choice":"1 cards matched","damage_taken":0,"max_hp_gain":0,"max_hp_loss":0,"event_name":"Match and Keep!","floor":4,"gold_loss":0,"cards_obtained":["Choke"]}],"is_beta":false,"boss_relics":[],"items_purged_floors":[2],"is_endless":false,"potions_floor_spawned":[1,14],"killed_by":"Slime Boss","ascension_level":20}