{"gold_per_floor":[115,25,25,175,190,225,41,41,95,123,140,140,153,183,183,257,257,274,11,11,11,28,28,47,47,125,125,151,76,23,53,53,130,130,142,142,42,55,75,75,75,103,129,129,129],"floor_reached":45,"playtime":1540,"items_purged":["Doubt","Writhe"],"score":1140,"play_id":"2160bbb4-0ba0-4931-acab-57e20e6893e7","local_time":"20221208221458","is_ascension_mode":true,"campfire_choices":[{"floor":15,"key":"REST"},{"data":"Noxious Fumes","floor":23,"key":"SMITH"},{"data":"A Thousand Cuts","floor":25,"key":"SMITH"},{"data":"Accuracy","floor":27,"key":"SMITH"},{"data":"Catalyst","floor":32,"key":"SMITH"},{"floor":40,"key":"REST"},{"floor":44,"key":"REST"}],"neow_cost":"NONE","seed_source_timestamp":189902412085700,"circlet_count":0,"master_deck":["AscendersBane","Strike_G","Strike_G","Defend_G","Defend_G","Defend_G","Defend_G","Defend_G","Survivor","Neutralize","Blade Dance","Noxious Fumes+1","Terror","Escape Plan","Blade Dance","Accuracy+1","A Thousand Cuts+1","Accuracy","Deflect","Catalyst+1","Storm of Steel","Corpse Explosion","CurseOfTheBell","J.A.X.","PiercingWail","Noxious Fumes","Bullet Time","Noxious Fumes+1"],"relics":["Ring of the Snake","NeowsBlessing","Question Card","Gambling Chip","PreservedInsect","MealTicket","Unceasing Top","Calling Bell","Bag of Preparation","Mercury Hourglass","Calipers","Mummified Hand","Ninja Scroll","Toy Ornithopter","Regal Pillow","HoveringKite","Ancient Tea Set"],"potions_floor_usage":[10,13,13,22,24,24,33,33,39],"damage_taken":[{"damage":0,"enemies":"Cultist","floor":1,"turns":1},{"damage":0,"enemies":"2 Louse","floor":5,"turns":1},{"damage":0,"enemies":"Gremlin Nob","floor":6,"turns":1},{"damage":10,"enemies":"Lagavulin","floor":10,"turns":4},{"damage":9,"enemies":"Jaw Worm","floor":11,"turns":3},{"damage":0,"enemies":"2 Fungi Beasts","floor":13,"turns":3},{"damage":20,"enemies":"3 Sentries","floor":14,"turns":5},{"damage":36,"enemies":"The Guardian","floor":16,"turns":11},{"damage":0,"enemies":"Spheric Guardian","floor":18,"turns":1},{"damage":0,"enemies":"Chosen","floor":22,"turns":2},{"damage":3,"enemies":"Centurion and Healer","floor":24,"turns":3},{"damage":3,"enemies":"Slavers","floor":28,"turns":2},{"damage":3,"enemies":"Gremlin Leader","floor":31,"turns":4},{"damage":14,"enemies":"Collector","floor":33,"turns":5},{"damage":39,"enemies":"Orb Walker","floor":35,"turns":4},{"damage":13,"enemies":"3 Darklings","floor":38,"turns":3},{"damage":7,"enemies":"4 Shapes","floor":39,"turns":1},{"damage":40,"enemies":"Giant Head","floor":42,"turns":5},{"damage":68,"enemies":"Nemesis","floor":45,"turns":4}],"seed_played":"5331744080876410448","potions_obtained":[{"floor":5,"key":"SteroidPotion"},{"floor":11,"key":"DistilledChaos"},{"floor":13,"key":"Fruit Juice"},{"floor":16,"key":"Ancient Potion"},{"floor":18,"key":"Poison Potion"},{"floor":22,"key":"SpeedPotion"},{"floor":28,"key":"LiquidBronze"},{"floor":38,"key":"Fire Potion"},{"floor":42,"key":"Explosive Potion"}],"is_trial":false,"path_per_floor":["M","$","?","?","M","E","$","?","T","E","M","?","M","E","R","B",null,"M","$","?","?","M","R","M","R","T","R","E","?","$","E","R","B",null,"M","?","$","M","M","R","$","E","T","R","E"],"character_chosen":"THE_SILENT","items_purchased":["Noxious Fumes","Blade Dance","Accuracy","Mummified Hand","AttackPotion"],"campfire_rested":3,"item_purchase_floors":[2,7,7,19,30],"current_hp_per_floor":[59,59,33,33,33,33,33,55,55,45,36,36,41,21,42,6,55,55,70,70,70,70,70,67,67,67,67,64,64,71,68,68,57,68,29,43,58,45,43,71,71,31,31,67,0],"gold":129,"neow_bonus":"THREE_ENEMY_KILL","is_prod":false,"is_daily":false,"chose_seed":false,"campfire_upgraded":4,"win_rate":0,"timestamp":1670555698,"path_taken":["M","?","?","?","?","E","$","?","T","E","M","?","M","E","R","BOSS","M","$","?","?","M","R","?","R","T","R","E","?","$","E","R","BOSS","M","?","$","M","M","R","$","E","T","R","E"],"build_version":"2022-12-01","purchased_purges":2,"victory":false,"max_hp_per_floor":[66,66,66,66,66,66,66,66,66,66,66,66,71,71,71,71,71,71,71,71,71,71,71,71,71,71,71,71,71,71,71,71,71,71,71,71,71,71,71,71,71,71,71,71,71],"card_choices":[{"not_picked":["Acrobatics","Setup"],"picked":"Blade Dance","floor":1},{"not_picked":["Quick Slash","Bane","Dodge and Roll"],"picked":"Terror","floor":5},{"not_picked":["Dagger Throw","Slice","Choke"],"picked":"Escape Plan","floor":6},{"not_picked":["Sucker Punch","Catalyst","Dagger Spray"],"picked":"A Thousand Cuts","floor":10},{"not_picked":["Dagger Throw","Distraction","PiercingWail"],"picked":"Accuracy","floor":11},{"not_picked":["Backflip","Sucker Punch","Slice"],"picked":"Catalyst","floor":13},{"not_picked":["Bane","Sucker Punch","Deadly Poison"],"picked":"Storm of Steel","floor":14},{"not_picked":["Glass Knife","Night Terror","Envenom"],"picked":"Corpse Explosion","floor":16},{"not_picked":["Infinite Blades","Slice","Acrobatics","Dagger Throw"],"picked":"SKIP","floor":18},{"not_picked":["Dodge and Roll","All Out Attack","Backflip","Heel Hook"],"picked":"SKIP","floor":22},{"not_picked":["Tactician+1","Quick Slash","Dagger Spray"],"picked":"PiercingWail","floor":24},{"not_picked":["Bane","Footwork","Dagger Spray"],"picked":"Noxious Fumes","floor":28},{"not_picked":["Backstab","Dodge and Roll","Corpse Explosion","Prepared"],"picked":"SKIP","floor":31},{"not_picked":["Wraith Form v2","Storm of Steel","Corpse Explosion"],"picked":"Bullet Time","floor":33},{"not_picked":["Skewer","Slice","Calculated Gamble"],"picked":"Noxious Fumes+1","floor":35},{"not_picked":["Blade Dance+1","Expertise","Escape Plan","Sucker Punch+1"],"picked":"SKIP","floor":38},{"not_picked":["Blade Dance","Dash","Prepared","Backstab"],"picked":"SKIP","floor":39},{"not_picked":["Bouncing Flask","Poisoned Stab","Dagger Spray","Skewer"],"picked":"SKIP","floor":42}],"player_experience":1274431,"relics_obtained":[{"floor":6,"key":"Gambling Chip"},{"floor":9,"key":"PreservedInsect"},{"floor":10,"key":"MealTicket"},{"floor":14,"key":"Unceasing Top"},{"floor":17,"key":"Bag of Preparation"},{"floor":17,"key":"Mercury Hourglass"},{"floor":17,"key":"Calipers"},{"floor":26,"key":"Ninja Scroll"},{"floor":28,"key":"Toy Ornithopter"},{"floor":31,"key":"Regal Pillow"},{"floor":42,"key":"Ancient Tea Set"}],"event_choices":[{"damage_healed":0,"gold_gain":0,"player_choice":"Success","damage_taken":26,"relics_obtained":["Question Card"],"max_hp_gain":0,"max_hp_loss":0,"event_name":"Scrap Ooze","floor":3,"gold_loss":0},{"damage_healed":0,"gold_gain":150,"player_choice":"AGREE","damage_taken":0,"max_hp_gain":0,"max_hp_loss":0,"event_name":"Liars Game","floor":4,"gold_loss":0,"cards_obtained":["Doubt"]},{"damage_healed":22,"gold_gain":0,"player_choice":"Banana","damage_taken":0,"max_hp_gain":0,"max_hp_loss":0,"event_name":"Big Fish","floor":8,"gold_loss":0},{"damage_healed":0,"gold_gain":0,"cards_transformed":["Strike_G"],"player_choice":"Change","damage_taken":0,"max_hp_gain":0,"max_hp_loss":0,"event_name":"Living Wall","floor":12,"gold_loss":0,"cards_obtained":["Deflect"]},{"damage_healed":0,"gold_gain":0,"player_choice":"Obtain J.A.X.","damage_taken":0,"max_hp_gain":0,"max_hp_loss":0,"event_name":"Drug Dealer","floor":20,"gold_loss":0,"cards_obtained":["J.A.X."]},{"cards_removed":["Strike_G"],"damage_healed":0,"gold_gain":0,"player_choice":"Purged","damage_taken":0,"max_hp_gain":0,"max_hp_loss":0,"event_name":"Purifier","floor":21,"gold_loss":0},{"cards_removed":["Strike_G"],"damage_healed":0,"gold_gain":0,"player_choice":"Gave Gold","damage_taken":0,"max_hp_gain":0,"max_hp_loss":0,"event_name":"Beggar","floor":29,"gold_loss":75},{"damage_healed":14,"gold_gain":0,"player_choice":"Writhe","damage_taken":0,"max_hp_gain":0,"max_hp_loss":0,"event_name":"Winding Halls","floor":36,"gold_loss":0,"cards_obtained":["Writhe"]}],"is_beta":false,"boss_relics":[{"not_picked":["Runic Pyramid","Velvet Choker"],"picked":"Calling Bell"},{"not_picked":["Runic Dome","Black Star"],"picked":"HoveringKite"}],"items_purged_floors":[7,37],"is_endless":false,"potions_floor_spawned":[5,11,13,16,18,22,28,38,42],"killed_by":"Nemesis","ascension_level":20}