{"gold_per_floor":[113,113,38,56,72,107,127,127],"floor_reached":8,"playtime":248,"items_purged":["Writhe"],"score":116,"play_id":"dcfe70f2-d574-4007-ba5a-0b8dd558ccb0","local_time":"20221208213420","is_ascension_mode":true,"campfire_choices":[],"neow_cost":"NONE","seed_source_timestamp":188689180466400,"circlet_count":0,"master_deck":["AscendersBane","Strike_G","Strike_G","Strike_G","Strike_G","Strike_G","Defend_G","Defend_G","Defend_G","Defend_G","Defend_G","Survivor","Neutralize","Poisoned Stab","Corpse Explosion","Dagger Throw","Footwork","Terror","Acrobatics"],"special_seed":0,"relics":["Ring of the Snake","NeowsBlessing","Gambling Chip"],"potions_floor_usage":[6,6],"damage_taken":[{"damage":0.0,"enemies":"Small Slimes","floor":1.0,"turns":1.0},{"damage":0.0,"enemies":"Cultist","floor":4.0,"turns":1.0},{"damage":0.0,"enemies":"Jaw Worm","floor":5.0,"turns":1.0},{"damage":13,"enemies":"3 Sentries","floor":6,"turns":3},{"damage":19,"enemies":"3 Louse","floor":7,"turns":3},{"damage":42,"enemies":"Gremlin Nob","floor":8,"turns":4}],"seed_played":"-3464253508186329246","potions_obtained":[{"floor":4.0,"key":"Strength Potion"},{"floor":5.0,"key":"CunningPotion"},{"floor":6,"key":"FearPotion"}],"is_trial":false,"path_per_floor":["M","?","$","M","M","E","M","E"],"character_chosen":"THE_SILENT","items_purchased":[],"campfire_rested":0,"item_purchase_floors":[],"current_hp_per_floor":[59,59,59,59,59,46,27,0],"gold":127,"neow_bonus":"THREE_ENEMY_KILL","is_prod":false,"is_daily":false,"chose_seed":false,"campfire_upgraded":0,"win_rate":0,"timestamp":1670553260,"path_taken":["M","?","$","M","?","E","M","E"],"build_version":"2022-12-01","purchased_purges":1,"victory":false,"max_hp_per_floor":[66,66,66,66,66,66,66,66],"card_choices":[{"not_picked":["Blade Dance","Acrobatics"],"picked":"Poisoned Stab","floor":1.0},{"not_picked":["Heel Hook","Cloak And Dagger"],"picked":"Dagger Throw","floor":4.0},{"not_picked":["Calculated Gamble","A Thousand Cuts"],"picked":"Footwork","floor":5.0},{"not_picked":["Cloak And Dagger","Flying Knee"],"picked":"Terror","floor":6},{"not_picked":["Deflect","Finisher"],"picked":"Acrobatics","floor":7}],"player_experience":1273346,"relics_obtained":[{"floor":6,"key":"Gambling Chip"}],"event_choices":[{"damage_healed":0.0,"max_hp_gain":0.0,"max_hp_loss":0.0,"gold_gain":0.0,"event_name":"Match and Keep!","player_choice":"2 cards matched","floor":2.0,"gold_loss":0.0,"damage_taken":0.0,"cards_obtained":["Corpse Explosion","Writhe"]}],"is_beta":false,"boss_relics":[],"items_purged_floors":[3],"is_endless":false,"potions_floor_spawned":[4,5,6],"killed_by":"Gremlin Nob","ascension_level":20}