{"gold_per_floor":[109,109,120,120,41,41,75,91,140,140,140],"floor_reached":11,"playtime":275,"items_purged":[],"score":192,"play_id":"0ae8131d-1da2-4a5e-a643-7f71c887b8b4","local_time":"20221208213919","is_ascension_mode":true,"campfire_choices":[{"floor":6,"key":"REST"},{"floor":10,"key":"REST"}],"neow_cost":"NONE","seed_source_timestamp":189029700353900,"circlet_count":0,"master_deck":["AscendersBane","Strike_G","Strike_G","Strike_G","Strike_G","Strike_G","Defend_G","Defend_G","Defend_G","Defend_G","Defend_G","Survivor","Neutralize","Blur","Venomology","Leg Sweep","Backstab"],"relics":["Ring of the Snake","NeowsBlessing","Oddly Smooth Stone","White Beast Statue","Nunchaku"],"potions_floor_usage":[7,8,11,11,11],"damage_taken":[{"damage":0,"enemies":"Jaw Worm","floor":1,"turns":1},{"damage":0,"enemies":"Small Slimes","floor":3,"turns":1},{"damage":0,"enemies":"Gremlin Nob","floor":7,"turns":1},{"damage":0,"enemies":"2 Louse","floor":8,"turns":3},{"damage":16,"enemies":"Lagavulin","floor":11,"turns":13}],"seed_played":"6861628058753902814","potions_obtained":[{"floor":3,"key":"EssenceOfSteel"},{"floor":7,"key":"Swift Potion"},{"floor":8,"key":"LiquidMemories"}],"is_trial":false,"path_per_floor":["M","?","M","?","$","R","E","M","T","R","E"],"character_chosen":"THE_SILENT","items_purchased":["Venomology"],"campfire_rested":2,"item_purchase_floors":[5],"current_hp_per_floor":[59,14,14,14,14,33,33,33,33,52,36],"gold":140,"neow_bonus":"THREE_ENEMY_KILL","is_prod":false,"is_daily":false,"chose_seed":false,"campfire_upgraded":0,"win_rate":0,"timestamp":1670553559,"path_taken":["M","?","M","?","?","R","E","M","T","R","E"],"build_version":"2022-12-01","purchased_purges":0,"victory":false,"max_hp_per_floor":[66,66,66,66,66,66,66,66,66,66,66],"card_choices":[{"not_picked":["Dagger Spray","Bane"],"picked":"Blur","floor":1},{"not_picked":["Bane","Finisher","Slice"],"picked":"SKIP","floor":3},{"not_picked":["Poisoned Stab","Prepared"],"picked":"Leg Sweep","floor":7},{"not_picked":["Concentrate","Poisoned Stab"],"picked":"Backstab","floor":8}],"player_experience":1273594,"relics_obtained":[{"floor":7,"key":"White Beast Statue"},{"floor":9,"key":"Nunchaku"}],"event_choices":[{"damage_healed":0,"gold_gain":0,"player_choice":"Success","damage_taken":45,"relics_obtained":["Oddly Smooth Stone"],"max_hp_gain":0,"max_hp_loss":0,"event_name":"Scrap Ooze","floor":2,"gold_loss":0},{"damage_healed":0,"gold_gain":0,"player_choice":"Ignored","damage_taken":0,"max_hp_gain":0,"max_hp_loss":0,"event_name":"Golden Wing","floor":4,"gold_loss":0}],"is_beta":false,"boss_relics":[],"items_purged_floors":[],"is_endless":false,"potions_floor_spawned":[3,7,8],"killed_by":"Lagavulin","ascension_level":20}