{"gold_per_floor":[115,65,85,95,108,108,143,154,204,204,229,249,249,107,107,203,203,203,203,203,68,68,68,68,68,68,68,68,68,17,17],"floor_reached":31,"playtime":1264,"items_purged":["Strike_G","Strike_G"],"score":431,"play_id":"1a56d38a-ee15-4495-a934-27f7572ec904","local_time":"20221218182156","is_ascension_mode":true,"campfire_choices":[{"data":"Tools of the Trade","floor":6,"key":"SMITH"},{"floor":10,"key":"REST"},{"floor":13,"key":"REST"},{"data":"Terror","floor":15,"key":"SMITH"},{"floor":23,"key":"REST"},{"data":"Noxious Fumes","floor":27,"key":"SMITH"}],"neow_cost":"NONE","seed_source_timestamp":193828447032700,"circlet_count":0,"master_deck":["AscendersBane","Strike_G","Strike_G","Strike_G","Defend_G","Defend_G","Defend_G","Defend_G","Survivor","Neutralize","Tools of the Trade+1","Leg Sweep","Underhanded Strike","Dagger Spray","Terror+1","Deadly Poison","Underhanded Strike","Dash","Escape Plan","Eviscerate","Noxious Fumes+1","Corpse Explosion","Catalyst+1","Tactician","Caltrops","Underhanded Strike","Poisoned Stab","Flechettes","Bane+1"],"relics":["Ring of the Snake","Torii","Dream Catcher","Pantograph","Ectoplasm","PreservedInsect","Ninja Scroll","Kunai"],"potions_floor_usage":[11,11,18,24,28,29,31],"damage_taken":[{"damage":9,"enemies":"2 Louse","floor":1,"turns":3},{"damage":13,"enemies":"Cultist","floor":3,"turns":7},{"damage":0,"enemies":"Jaw Worm","floor":4,"turns":4},{"damage":1,"enemies":"3 Louse","floor":5,"turns":4},{"damage":25,"enemies":"Gremlin Nob","floor":7,"turns":4},{"damage":1,"enemies":"Blue Slaver","floor":8,"turns":4},{"damage":1,"enemies":"3 Sentries","floor":11,"turns":4},{"damage":7,"enemies":"Lots of Slimes","floor":12,"turns":3},{"damage":1,"enemies":"Slime Boss","floor":16,"turns":7},{"damage":1,"enemies":"Shell Parasite","floor":18,"turns":5},{"damage":6,"enemies":"3 Byrds","floor":19,"turns":4},{"damage":34,"enemies":"Centurion and Healer","floor":22,"turns":6},{"damage":16,"enemies":"Book of Stabbing","floor":24,"turns":4},{"damage":1,"enemies":"Cultist and Chosen","floor":25,"turns":6},{"damage":12,"enemies":"Sentry and Sphere","floor":28,"turns":4},{"damage":20,"enemies":"Gremlin Leader","floor":29,"turns":5},{"damage":1,"enemies":"Snake Plant","floor":31,"turns":2}],"seed_played":"-1961574797137499409","potions_obtained":[{"floor":5,"key":"SpeedPotion"},{"floor":7,"key":"GamblersBrew"},{"floor":8,"key":"LiquidMemories"},{"floor":18,"key":"Strength Potion"},{"floor":25,"key":"CunningPotion"},{"floor":28,"key":"DuplicationPotion"}],"is_trial":false,"path_per_floor":["M","?","M","M","M","R","E","M","T","R","E","M","R","$","R","B",null,"M","M","?","$","M","R","E","M","T","R","M","E","$","M"],"character_chosen":"THE_SILENT","items_purchased":["Noxious Fumes","Caltrops","Energy Potion"],"campfire_rested":3,"item_purchase_floors":[14,21,30],"current_hp_per_floor":[54,54,41,41,40,40,15,14,14,35,34,27,48,48,48,69,70,69,63,63,63,29,50,34,33,33,33,21,1,1,0],"gold":17,"neow_bonus":"ONE_RANDOM_RARE_CARD","is_prod":false,"is_daily":false,"chose_seed":false,"campfire_upgraded":3,"win_rate":0,"timestamp":1671405716,"path_taken":["M","?","M","M","M","R","E","M","T","R","E","M","R","$","R","BOSS","M","M","?","$","?","R","E","M","T","R","?","E","$","M"],"build_version":"2022-12-01","purchased_purges":2,"victory":false,"max_hp_per_floor":[70,70,70,70,70,70,70,70,70,70,70,70,70,70,70,70,70,70,70,70,70,70,70,70,70,70,70,70,70,70,70],"card_choices":[{"not_picked":["Acrobatics","Poisoned Stab"],"picked":"Leg Sweep","floor":1},{"not_picked":["Dagger Throw","Dagger Spray"],"picked":"Underhanded Strike","floor":3},{"not_picked":["Calculated Gamble","Distraction"],"picked":"Dagger Spray","floor":4},{"not_picked":["Blade Dance","Outmaneuver"],"picked":"Terror","floor":5},{"not_picked":["Bane","A Thousand Cuts"],"picked":"Deadly Poison","floor":7},{"not_picked":["Dodge and Roll","Predator"],"picked":"Underhanded Strike","floor":8},{"not_picked":["Dodge and Roll","Blade Dance"],"picked":"Dash","floor":10},{"not_picked":["Flying Knee","Deadly Poison"],"picked":"Escape Plan","floor":11},{"not_picked":["Sucker Punch","Dash"],"picked":"Eviscerate","floor":12},{"not_picked":["Burst","Wraith Form v2"],"picked":"Corpse Explosion","floor":16},{"not_picked":["PiercingWail","Flying Knee+1"],"picked":"Catalyst+1","floor":18},{"not_picked":["Catalyst","Predator+1"],"picked":"Tactician","floor":19},{"not_picked":["Deadly Poison","Blade Dance"],"picked":"Underhanded Strike","floor":22},{"not_picked":["Dodge and Roll+1","Dagger Throw"],"picked":"Poisoned Stab","floor":24},{"not_picked":["A Thousand Cuts","Backflip"],"picked":"Flechettes","floor":25},{"not_picked":["Skewer","Terror+1","Cloak And Dagger+1"],"picked":"SKIP","floor":28},{"not_picked":["Wraith Form v2","Outmaneuver+1"],"picked":"Bane+1","floor":29}],"player_experience":850704,"relics_obtained":[{"floor":7,"key":"Torii"},{"floor":9,"key":"Dream Catcher"},{"floor":11,"key":"Pantograph"},{"floor":24,"key":"PreservedInsect"},{"floor":26,"key":"Ninja Scroll"},{"floor":29,"key":"Kunai"}],"event_choices":[{"cards_removed":["Defend_G"],"damage_healed":0,"gold_gain":0,"player_choice":"Card Removal","damage_taken":0,"max_hp_gain":0,"max_hp_loss":0,"event_name":"The Cleric","floor":2,"gold_loss":50},{"cards_removed":["Tools of the Trade"],"damage_healed":0,"gold_gain":0,"player_choice":"Give","damage_taken":0,"max_hp_gain":0,"max_hp_loss":0,"event_name":"betterNote:BetterNote","floor":20,"gold_loss":0,"cards_obtained":["None"]}],"is_beta":false,"boss_relics":[{"not_picked":["Runic Dome","SacredBark"],"picked":"Ectoplasm"}],"items_purged_floors":[14,21],"is_endless":false,"potions_floor_spawned":[5,7,8,18,25,28],"killed_by":"Snake Plant","ascension_level":10}