{"gold_per_floor":[115,125,138,151,151,151,180,180,230,230,249,43,72,84,84,181,181,196,208,113,113,125,159,159],"floor_reached":24,"playtime":1126,"items_purged":["Strike_G","Defend_G"],"score":367,"play_id":"8fe90aa5-b47e-4d44-a8cf-552995ddace3","local_time":"20221222092631","daily_mods":["challengethespire:Silver Difficulty","challengethespire:Sneaky Strike"],"is_ascension_mode":true,"campfire_choices":[{"data":"Calculated Gamble","floor":6.0,"key":"SMITH"},{"data":"Acrobatics","floor":8.0,"key":"SMITH"},{"floor":15.0,"key":"REST"}],"neow_cost":"","seed_source_timestamp":0,"circlet_count":0,"master_deck":["AscendersBane","Strike_G","Strike_G","Strike_G","Strike_G","Defend_G+1","Defend_G","Defend_G","Defend_G","Survivor","Neutralize+1","Underhanded Strike","Acrobatics+1","Underhanded Strike","Calculated Gamble+1","Underhanded Strike+1","Underhanded Strike","Underhanded Strike","Well Laid Plans","Unload","Prepared","Underhanded Strike","Underhanded Strike","Unload","Prepared","Acrobatics","Apotheosis+1","Backflip"],"special_seed":0,"relics":["Ring of the Serpent","Singing Bowl","Smiling Mask","Pen Nib","Frozen Egg 2"],"potions_floor_usage":[23],"damage_taken":[{"damage":0.0,"enemies":"Small Slimes","floor":1.0,"turns":3.0},{"damage":0.0,"enemies":"2 Louse","floor":2.0,"turns":2.0},{"damage":1.0,"enemies":"Cultist","floor":3.0,"turns":4.0},{"damage":0.0,"enemies":"Large Slime","floor":4.0,"turns":6.0},{"damage":7.0,"enemies":"Gremlin Nob","floor":7.0,"turns":3.0},{"damage":0.0,"enemies":"Exordium Wildlife","floor":11.0,"turns":2.0},{"damage":14.0,"enemies":"3 Sentries","floor":13.0,"turns":5.0},{"damage":0.0,"enemies":"Red Slaver","floor":14.0,"turns":3.0},{"damage":43.0,"enemies":"Hexaghost","floor":16.0,"turns":10.0},{"damage":0.0,"enemies":"Shell Parasite","floor":18.0,"turns":3.0},{"damage":0.0,"enemies":"Spheric Guardian","floor":19.0,"turns":1.0},{"damage":48,"enemies":"Snake Plant","floor":22,"turns":4},{"damage":23,"enemies":"Gremlin Leader","floor":23,"turns":6},{"damage":11,"enemies":"Centurion and Healer","floor":24,"turns":2}],"seed_played":"2183773612432689518","potions_obtained":[{"floor":3.0,"key":"Swift Potion"},{"floor":7.0,"key":"DistilledChaos"},{"floor":13.0,"key":"Fire Potion"},{"floor":14.0,"key":"Dexterity Potion"},{"floor":19.0,"key":"Dexterity Potion"},{"floor":22,"key":"FairyPotion"}],"is_trial":true,"path_per_floor":["M","M","M","M","?","R","E","R","T","?","M","$","E","M","R","B",null,"M","M","$","?","M","E","M"],"character_chosen":"THE_SILENT","items_purchased":["Unload","Acrobatics"],"campfire_rested":1,"item_purchase_floors":[12,20],"current_hp_per_floor":[63,63,62,62,48,48,41,41,41,41,41,41,27,27,48,5,54,56,56,56,56,8,11,0],"gold":159,"neow_bonus":"","is_prod":false,"is_daily":false,"chose_seed":false,"campfire_upgraded":2,"win_rate":0,"timestamp":1671719191,"path_taken":["M","M","M","M","?","R","E","R","T","?","M","$","E","?","R","BOSS","M","M","$","?","?","E","M"],"build_version":"2022-12-18","purchased_purges":2,"victory":false,"max_hp_per_floor":[70,70,70,70,70,70,70,70,70,70,70,70,70,70,70,70,70,72,72,72,72,72,74,74],"card_choices":[{"not_picked":["Underhanded Strike","Finisher"],"picked":"Acrobatics","floor":1.0},{"not_picked":["Backflip","Escape Plan"],"picked":"Underhanded Strike","floor":2.0},{"not_picked":["Dodge and Roll","Underhanded Strike"],"picked":"Calculated Gamble","floor":3.0},{"not_picked":["Noxious Fumes","Dagger Throw"],"picked":"Underhanded Strike","floor":4.0},{"not_picked":["Bouncing Flask","Concentrate"],"picked":"Underhanded Strike","floor":7.0},{"not_picked":["Underhanded Strike","Tactician"],"picked":"Well Laid Plans","floor":11.0},{"not_picked":["Backflip","Underhanded Strike"],"picked":"Prepared","floor":13.0},{"not_picked":["PiercingWail","Sucker Punch"],"picked":"Underhanded Strike","floor":14.0},{"not_picked":["Underhanded Strike","Glass Knife"],"picked":"Unload","floor":16.0},{"not_picked":["Sucker Punch","Poisoned Stab","Underhanded Strike"],"picked":"Singing Bowl","floor":18.0},{"not_picked":["Underhanded Strike","Flying Knee+1"],"picked":"Prepared","floor":19.0},{"not_picked":["Underhanded Strike","Quick Slash"],"picked":"Backflip","floor":22},{"not_picked":["Poisoned Stab","Blade Dance","Underhanded Strike"],"picked":"Singing Bowl","floor":23}],"player_experience":871393,"relics_obtained":[{"floor":7.0,"key":"Singing Bowl"},{"floor":9.0,"key":"Smiling Mask"},{"floor":13.0,"key":"Pen Nib"},{"floor":23,"key":"Frozen Egg 2"}],"event_choices":[{"damage_healed":0.0,"max_hp_gain":0.0,"max_hp_loss":0.0,"gold_gain":0.0,"event_name":"Shining Light","player_choice":"Entered Light","floor":5.0,"gold_loss":0.0,"damage_taken":14.0,"cards_upgraded":["Defend_G","Neutralize"]},{"damage_healed":0.0,"max_hp_gain":0.0,"max_hp_loss":0.0,"gold_gain":0.0,"event_name":"Accursed Blacksmith","player_choice":"Forge","floor":10.0,"gold_loss":0.0,"damage_taken":0.0,"cards_upgraded":["Underhanded Strike"]},{"damage_healed":0,"gold_gain":0,"player_choice":"Take","damage_taken":0,"max_hp_gain":0,"max_hp_loss":0,"event_name":"betterNote:BetterNote","floor":21,"gold_loss":0,"cards_obtained":["Apotheosis"]}],"is_beta":false,"boss_relics":[{"not_picked":["Coffee Dripper","Sozu"],"picked":"Ring of the Serpent"}],"items_purged_floors":[12,20],"is_endless":false,"potions_floor_spawned":[3,7,13,14,19,22],"killed_by":"Centurion and Healer","ascension_level":10}