{"gold_per_floor":[116,54,72,37,57,83,83,83,83,83,4,47,62,62],"floor_reached":14,"playtime":372,"items_purged":[],"score":196,"play_id":"fe761381-9139-47e3-9638-0a86e350db65","local_time":"20221215110913","is_ascension_mode":true,"campfire_choices":[{"data":"Infinite Blades","floor":7,"key":"SMITH"},{"floor":10,"key":"REST"}],"neow_cost":"NONE","seed_source_timestamp":117920595409900,"circlet_count":0,"master_deck":["AscendersBane","Strike_G","Strike_G","Strike_G","Strike_G","Strike_G","Defend_G","Defend_G","Defend_G","Defend_G","Defend_G","Survivor","Neutralize","Infinite Blades+1","Blade Dance","Flying Knee","Infinite Blades","Footwork+1","Dagger Spray","Acrobatics"],"relics":["Ring of the Snake","NeowsBlessing","Pear","Boot","Golden Idol","Frozen Egg 2","Bag of Marbles"],"potions_floor_usage":[6,12],"damage_taken":[{"damage":0,"enemies":"Small Slimes","floor":1,"turns":1},{"damage":0,"enemies":"Cultist","floor":3,"turns":1},{"damage":0,"enemies":"Jaw Worm","floor":5,"turns":1},{"damage":29,"enemies":"3 Sentries","floor":6,"turns":9},{"damage":11,"enemies":"Gremlin Nob","floor":12,"turns":3},{"damage":20,"enemies":"Large Slime","floor":13,"turns":6},{"damage":16,"enemies":"Exordium Wildlife","floor":14,"turns":3}],"seed_played":"5898628010205885017","potions_obtained":[{"floor":1,"key":"CunningPotion"},{"floor":6,"key":"AttackPotion"}],"is_trial":false,"path_per_floor":["M","?","M","?","M","E","R","?","T","R","$","E","M","M"],"character_chosen":"THE_SILENT","items_purchased":["Footwork+1"],"campfire_rested":1,"item_purchase_floors":[11],"current_hp_per_floor":[59,69,69,76,76,47,47,21,21,43,43,32,12,0],"gold":62,"neow_bonus":"THREE_ENEMY_KILL","is_prod":false,"is_daily":false,"chose_seed":false,"campfire_upgraded":1,"win_rate":0,"timestamp":1671120553,"path_taken":["M","?","?","?","M","E","R","?","T","R","?","E","M","M"],"build_version":"2022-12-01","purchased_purges":0,"victory":false,"max_hp_per_floor":[66,76,76,76,76,76,76,76,76,76,76,76,76,76],"card_choices":[{"not_picked":["Leg Sweep","Deadly Poison"],"picked":"Infinite Blades","floor":1},{"not_picked":["Choke","Distraction"],"picked":"Blade Dance","floor":3},{"not_picked":["Reflex","Dodge and Roll"],"picked":"Flying Knee","floor":5},{"not_picked":["Underhanded Strike","Poisoned Stab"],"picked":"Infinite Blades","floor":6},{"not_picked":["Dagger Throw","Heel Hook"],"picked":"Dagger Spray","floor":12},{"not_picked":["Setup","Venomology"],"picked":"Acrobatics","floor":13}],"player_experience":1366844,"relics_obtained":[{"floor":6,"key":"Boot"},{"floor":9,"key":"Frozen Egg 2"},{"floor":12,"key":"Bag of Marbles"}],"event_choices":[{"damage_healed":0,"gold_gain":0,"player_choice":"Paid Gold","damage_taken":0,"relics_obtained":["Pear"],"max_hp_gain":0,"max_hp_loss":0,"event_name":"WeMeetAgain","floor":2,"gold_loss":62},{"damage_healed":19,"gold_gain":0,"player_choice":"Healed","damage_taken":0,"max_hp_gain":0,"max_hp_loss":0,"event_name":"The Cleric","floor":4,"gold_loss":35},{"damage_healed":0,"gold_gain":0,"player_choice":"Take Damage","damage_taken":26,"relics_obtained":["Golden Idol"],"max_hp_gain":0,"max_hp_loss":0,"event_name":"Golden Idol","floor":8,"gold_loss":0}],"is_beta":false,"boss_relics":[],"items_purged_floors":[],"is_endless":false,"potions_floor_spawned":[1,6],"killed_by":"Exordium Wildlife","ascension_level":20}