{"gold_per_floor":[116,41,56,131,81,115,127,154,154,223,223,248,248,283,283,395,395,421,437,466,466,50,88,88,88],"floor_reached":25,"playtime":1213,"items_purged":["Defend_G"],"score":509,"play_id":"b7db2a86-e51d-424c-ba3e-749b5c953639","local_time":"20221219100139","is_ascension_mode":true,"campfire_choices":[{"floor":11,"key":"REST"},{"floor":13,"key":"REST"},{"data":"Envenom","floor":15,"key":"SMITH"}],"neow_cost":"TEN_PERCENT_HP_LOSS","seed_source_timestamp":250241620496800,"circlet_count":0,"master_deck":["AscendersBane","Strike_G","Strike_G","Defend_G","Defend_G","Defend_G","Defend_G","Survivor","Neutralize","Phantasmal Killer","Masterful Stab","PiercingWail","Poisoned Stab","Blade Dance","Prepared","Bane","Dagger Spray","Envenom+1","Well Laid Plans","Die Die Die","Crippling Poison+1","Choke","HandOfGreed","Footwork"],"relics":["Ring of the Snake","CaptainsWheel","Kunai","Dead Branch","CeramicFish","Pen Nib","Cursed Key","CultistMask","Gremlin Horn","White Beast Statue"],"potions_floor_usage":[6,8,14,16,23],"damage_taken":[{"damage":0,"enemies":"Small Slimes","floor":1,"turns":5},{"damage":1,"enemies":"2 Louse","floor":3,"turns":4},{"damage":0,"enemies":"Gremlin Nob","floor":6,"turns":2},{"damage":1,"enemies":"Jaw Worm","floor":7,"turns":2},{"damage":12,"enemies":"Lagavulin","floor":8,"turns":7},{"damage":20,"enemies":"Lagavulin Event","floor":10,"turns":5},{"damage":0,"enemies":"Blue Slaver","floor":12,"turns":3},{"damage":0,"enemies":"Gremlin Nob","floor":14,"turns":2},{"damage":0,"enemies":"Slime Boss","floor":16,"turns":6},{"damage":0,"enemies":"3 Byrds","floor":18,"turns":2},{"damage":0,"enemies":"Spheric Guardian","floor":19,"turns":4},{"damage":40,"enemies":"Centurion and Healer","floor":20,"turns":7},{"damage":10,"enemies":"Book of Stabbing","floor":23,"turns":4},{"damage":9,"enemies":"Gremlin Leader","floor":25,"turns":2}],"seed_played":"4522570126940625824","potions_obtained":[{"floor":1,"key":"CunningPotion"},{"floor":6,"key":"Energy Potion"},{"floor":12,"key":"AttackPotion"},{"floor":14,"key":"DuplicationPotion"},{"floor":20,"key":"Fire Potion"}],"is_trial":false,"path_per_floor":["M","$","M","?","?","E","M","E","T","?","R","M","R","E","R","B",null,"M","M","M","?","$","E","?","E"],"character_chosen":"THE_SILENT","items_purchased":["Gremlin Horn","HandOfGreed"],"campfire_rested":2,"item_purchase_floors":[22,22],"current_hp_per_floor":[63,63,62,51,51,51,50,38,38,18,36,36,54,54,54,54,61,61,61,21,21,21,11,5,0],"gold":88,"neow_bonus":"TRANSFORM_TWO_CARDS","is_prod":false,"is_daily":false,"chose_seed":false,"campfire_upgraded":1,"win_rate":0,"timestamp":1671462099,"path_taken":["M","$","M","?","?","E","M","E","T","?","R","M","R","E","R","BOSS","M","M","M","?","$","E","?","E"],"build_version":"2022-12-01","purchased_purges":1,"victory":false,"max_hp_per_floor":[63,63,63,63,63,63,63,63,63,63,63,63,63,63,63,63,63,63,63,63,63,63,63,63,63],"card_choices":[{"not_picked":["Masterful Stab","Deflect"],"picked":"PiercingWail","floor":1},{"not_picked":["PiercingWail","Escape Plan"],"picked":"Poisoned Stab","floor":3},{"not_picked":["Blur","Terror"],"picked":"Blade Dance","floor":6},{"not_picked":["Deflect","Bane"],"picked":"Prepared","floor":7},{"not_picked":["Deflect","Caltrops"],"picked":"Bane","floor":8},{"not_picked":["Dagger Throw","Flying Knee"],"picked":"Dagger Spray","floor":10},{"not_picked":["Eviscerate","Flying Knee"],"picked":"Envenom","floor":12},{"not_picked":["Crippling Poison","Blur"],"picked":"Well Laid Plans","floor":14},{"not_picked":["Unload","Grand Finale"],"picked":"Die Die Die","floor":16},{"not_picked":["Outmaneuver","Poisoned Stab"],"picked":"Crippling Poison+1","floor":18},{"not_picked":["Flechettes","Concentrate+1","Expertise+1"],"picked":"SKIP","floor":19},{"not_picked":["PiercingWail","Dagger Spray"],"picked":"Choke","floor":20},{"not_picked":["Bullet Time","Poisoned Stab+1"],"picked":"Footwork","floor":23}],"player_experience":855814,"relics_obtained":[{"floor":6,"key":"CaptainsWheel"},{"floor":8,"key":"Kunai"},{"floor":9,"key":"Dead Branch"},{"floor":10,"key":"CeramicFish"},{"floor":14,"key":"Pen Nib"},{"floor":23,"key":"White Beast Statue"}],"event_choices":[{"damage_healed":0,"gold_gain":75,"player_choice":"Gather Gold","damage_taken":11,"max_hp_gain":0,"max_hp_loss":0,"event_name":"World of Goop","floor":4,"gold_loss":0},{"cards_removed":["Strike_G"],"damage_healed":0,"gold_gain":0,"player_choice":"Card Removal","damage_taken":0,"max_hp_gain":0,"max_hp_loss":0,"event_name":"The Cleric","floor":5,"gold_loss":50},{"damage_healed":0,"gold_gain":30,"player_choice":"Searched \u00272\u0027 times","damage_taken":0,"max_hp_gain":0,"max_hp_loss":0,"event_name":"Dead Adventurer","floor":10,"gold_loss":0},{"damage_healed":0,"gold_gain":0,"player_choice":"Trade","damage_taken":0,"relics_obtained":["CultistMask"],"max_hp_gain":0,"max_hp_loss":0,"event_name":"FaceTrader","floor":21,"gold_loss":0},{"damage_healed":0,"gold_gain":0,"player_choice":"Damaged","damage_taken":6,"max_hp_gain":0,"max_hp_loss":0,"event_name":"Wheel of Change","floor":24,"gold_loss":0}],"is_beta":false,"boss_relics":[{"not_picked":["SlaversCollar","SacredBark"],"picked":"Cursed Key"}],"items_purged_floors":[2],"is_endless":false,"potions_floor_spawned":[1,6,12,14,20],"killed_by":"Gremlin Leader","ascension_level":10}