{"gold_per_floor":[119,119,132,150,150,176,176,186,186,200,220,232,232],"floor_reached":13,"playtime":471,"items_purged":[],"score":178,"play_id":"51cc2598-7940-40e7-8535-406de3c91982","local_time":"20221215110258","is_ascension_mode":true,"campfire_choices":[{"floor":7,"key":"REST"}],"neow_cost":"NONE","seed_source_timestamp":117446785606900,"circlet_count":0,"master_deck":["AscendersBane","Strike_G","Strike_G","Strike_G","Strike_G","Defend_G","Defend_G","Defend_G","Defend_G","Defend_G","Survivor","Neutralize","Blade Dance","Deadly Poison","Dash","Endless Agony","Noxious Fumes","Skewer","PiercingWail+1","Dagger Spray"],"relics":["Ring of the Snake","NeowsBlessing","Kunai","Toxic Egg 2"],"potions_floor_usage":[6,11],"damage_taken":[{"damage":0,"enemies":"Jaw Worm","floor":1,"turns":1},{"damage":0,"enemies":"Cultist","floor":3,"turns":1},{"damage":0,"enemies":"2 Louse","floor":4,"turns":1},{"damage":37,"enemies":"Lagavulin","floor":6,"turns":7},{"damage":0,"enemies":"Looter","floor":8,"turns":2},{"damage":13,"enemies":"3 Louse","floor":10,"turns":4},{"damage":6,"enemies":"Exordium Thugs","floor":11,"turns":5},{"damage":0,"enemies":"Blue Slaver","floor":12,"turns":4},{"damage":47,"enemies":"Gremlin Nob","floor":13,"turns":4}],"seed_played":"-9127343455933715782","potions_obtained":[{"floor":3,"key":"GamblersBrew"},{"floor":8,"key":"DuplicationPotion"},{"floor":12,"key":"SteroidPotion"}],"is_trial":false,"path_per_floor":["M","?","M","M","?","E","R","M","T","M","M","M","E"],"character_chosen":"THE_SILENT","items_purchased":[],"campfire_rested":1,"item_purchase_floors":[],"current_hp_per_floor":[59,64,64,64,64,27,48,48,48,35,29,29,0],"gold":232,"neow_bonus":"THREE_ENEMY_KILL","is_prod":false,"is_daily":false,"chose_seed":false,"campfire_upgraded":0,"win_rate":0,"timestamp":1671120178,"path_taken":["M","?","M","M","?","E","R","M","T","M","?","M","E"],"build_version":"2022-12-01","purchased_purges":0,"victory":false,"max_hp_per_floor":[66,71,71,71,71,71,71,71,71,71,71,71,71],"card_choices":[{"not_picked":["Acrobatics","Deflect"],"picked":"Blade Dance","floor":1},{"not_picked":["PiercingWail","Deflect"],"picked":"Deadly Poison","floor":3},{"not_picked":["Dagger Spray","Acrobatics"],"picked":"Dash","floor":4},{"not_picked":["Dagger Throw","Backstab"],"picked":"Endless Agony","floor":6},{"not_picked":["Underhanded Strike","Catalyst"],"picked":"Noxious Fumes","floor":8},{"not_picked":["Predator","PiercingWail+1"],"picked":"Skewer","floor":10},{"not_picked":["Slice","Bouncing Flask+1"],"picked":"PiercingWail+1","floor":11},{"not_picked":["Flying Knee","Caltrops"],"picked":"Dagger Spray","floor":12}],"player_experience":1366844,"relics_obtained":[{"floor":6,"key":"Kunai"},{"floor":9,"key":"Toxic Egg 2"}],"event_choices":[{"damage_healed":0,"gold_gain":0,"player_choice":"Donut","damage_taken":0,"max_hp_gain":5,"max_hp_loss":0,"event_name":"Big Fish","floor":2,"gold_loss":0},{"cards_removed":["Strike_G"],"damage_healed":0,"gold_gain":0,"player_choice":"Purged","damage_taken":0,"max_hp_gain":0,"max_hp_loss":0,"event_name":"Purifier","floor":5,"gold_loss":0}],"is_beta":false,"boss_relics":[],"items_purged_floors":[],"is_endless":false,"potions_floor_spawned":[3,8,12],"killed_by":"Gremlin Nob","ascension_level":20}