{"gold_per_floor":[117,128,146,221,237,237,249,277,349,381,381,411,411,422,422,518,518,534,33,47,47,47,75,94,114,114,14,14,29,59,75,75,178,128,147,162,37,37,0,26,26,56,56,56,76,76,96,116,116,116],"floor_reached":51,"playtime":2460,"items_purged":["Strike_G","Strike_G","Strike_G"],"score":1679,"play_id":"8809c347-93ed-4772-ae68-31baf94c720e","local_time":"20221226001830","is_ascension_mode":true,"campfire_choices":[{"floor":6.0,"key":"REST"},{"data":"Accuracy","floor":11.0,"key":"SMITH"},{"floor":13.0,"key":"REST"},{"floor":15.0,"key":"REST"},{"data":"Terror","floor":28,"key":"SMITH"},{"floor":32,"key":"REST"},{"data":"After Image","floor":41,"key":"SMITH"},{"data":"Storm of Steel","floor":44,"key":"SMITH"},{"data":"Adrenaline","floor":49,"key":"SMITH"}],"neow_cost":"","seed_source_timestamp":0,"circlet_count":0,"master_deck":["AscendersBane","Strike_G","Strike_G","Defend_G","Defend_G","Defend_G","Defend_G","Defend_G","Survivor","Neutralize+1","Blade Dance","Accuracy+1","Terror+1","Dagger Throw","Backstab","Quick Slash","Acrobatics","Blade Dance","Backflip","Crippling Poison","Storm of Steel+1","Underhanded Strike+1","Deadly Poison","hermit:RoundhouseKick","Calculated Gamble+1","Bane+1","Corpse Explosion","Venomology","Footwork","Adrenaline","Strike_G","After Image+1","Catalyst+1","Accuracy","Adrenaline+1"],"special_seed":0,"relics":["Ring of the Snake","moreChoices:MoreCardChoices","OrangePellets","Incense Burner","Bronze Scales","Eternal Feather","Ice Cream","PreservedInsect","sneckomod:SneckoTalon","TwistedFunnel","The Specimen","Akabeko","bronze:BronzeIdol","Guardian:PocketSentry","energizedSpire:HugeHouse","Red Mask","Whetstone","Snake Skull","Guardian:GemstoneGun"],"potions_floor_usage":[23,24,33,33,33,36,36,50,50,50,50],"damage_taken":[{"damage":0.0,"enemies":"Cultist","floor":1.0,"turns":3.0},{"damage":2.0,"enemies":"Jaw Worm","floor":2.0,"turns":3.0},{"damage":10.0,"enemies":"2 Louse","floor":3.0,"turns":3.0},{"damage":11.0,"enemies":"Exordium Wildlife","floor":5.0,"turns":4.0},{"damage":3.0,"enemies":"Blue Slaver","floor":7.0,"turns":3.0},{"damage":12.0,"enemies":"Lagavulin","floor":8.0,"turns":5.0},{"damage":10.0,"enemies":"Gremlin Nob","floor":10.0,"turns":4.0},{"damage":12.0,"enemies":"3 Sentries","floor":12.0,"turns":5.0},{"damage":11.0,"enemies":"Looter","floor":14.0,"turns":2.0},{"damage":0.0,"enemies":"Slime Boss","floor":16.0,"turns":5.0},{"damage":13,"enemies":"Chosen","floor":18,"turns":5},{"damage":10,"enemies":"3 Byrds","floor":20,"turns":2},{"damage":0,"enemies":"Gremlin Leader","floor":23,"turns":2},{"damage":11,"enemies":"Shelled Parasite and Fungi","floor":24,"turns":3},{"damage":4,"enemies":"Centurion and Healer","floor":25,"turns":4},{"damage":0,"enemies":"3 Cultists","floor":29,"turns":2},{"damage":13,"enemies":"Slavers","floor":30,"turns":2},{"damage":6,"enemies":"Sentry and Sphere","floor":31,"turns":2},{"damage":17,"enemies":"Collector","floor":33,"turns":7},{"damage":0,"enemies":"3 Darklings","floor":35,"turns":2},{"damage":0,"enemies":"Orb Walker","floor":36,"turns":1},{"damage":0,"enemies":"Reptomancer","floor":40,"turns":3},{"damage":0,"enemies":"Giant Head","floor":42,"turns":5},{"damage":3,"enemies":"Transient","floor":45,"turns":5},{"damage":0,"enemies":"Jaw Worm Horde","floor":47,"turns":3},{"damage":12,"enemies":"4 Shapes","floor":48,"turns":3},{"damage":26,"enemies":"Donu and Deca","floor":50,"turns":5}],"seed_played":"6307276194848276118","potions_obtained":[{"floor":2.0,"key":"SkillPotion"},{"floor":3.0,"key":"CultistPotion"},{"floor":5.0,"key":"Fire Potion"},{"floor":7.0,"key":"DuplicationPotion"},{"floor":14.0,"key":"CunningPotion"},{"floor":16.0,"key":"Poison Potion"},{"floor":20,"key":"CunningPotion"},{"floor":23,"key":"Swift Potion"},{"floor":31,"key":"DuplicationPotion"},{"floor":33,"key":"LiquidMemories"},{"floor":35,"key":"DuplicationPotion"},{"floor":45,"key":"DuplicationPotion"}],"is_trial":false,"path_per_floor":["M","M","M","?","M","R","M","E","T","E","R","E","R","M","R","B",null,"M","$","M","?","?","E","M","M","T","$","R","M","E","M","R","B",null,"M","M","$","?","?","E","R","E","T","R","M","$","M","M","R","B",null],"character_chosen":"THE_SILENT","items_purchased":["OrangePellets","Blade Dance","Accuracy","TwistedFunnel","The Specimen","Deadly Poison"],"campfire_rested":4,"item_purchase_floors":[0,0,0,19,19,19],"current_hp_per_floor":[49,47,37,26,15,36,33,21,21,11,23,11,44,33,66,66,69,56,56,46,46,40,40,29,25,25,25,40,40,27,21,60,43,60,60,60,60,60,60,60,65,65,65,65,62,62,62,50,65,39],"gold":116,"neow_bonus":"","is_prod":false,"is_daily":false,"chose_seed":false,"campfire_upgraded":5,"win_rate":0,"timestamp":1672031910,"path_taken":["M","M","M","?","M","R","M","E","T","E","R","E","R","M","R","BOSS","M","$","M","?","?","E","M","M","T","?","R","M","E","M","R","BOSS","M","M","$","?","?","E","R","E","T","R","M","$","M","M","R","BOSS"],"build_version":"2022-12-18","purchased_purges":3,"victory":true,"max_hp_per_floor":[70,70,70,70,70,70,70,70,70,70,70,70,70,70,70,70,70,70,70,70,70,70,70,70,70,70,70,70,70,70,70,70,70,65,65,65,65,65,65,65,65,65,65,65,65,65,65,65,65,65],"card_choices":[{"not_picked":["Caltrops","Poisoned Stab","Flying Knee","Dodge and Roll"],"picked":"Terror","floor":1.0},{"not_picked":["Flying Knee","PiercingWail","Grand Finale","Deadly Poison"],"picked":"Dagger Throw","floor":2.0},{"not_picked":["Catalyst","Poisoned Stab","Choke","PiercingWail"],"picked":"Backstab","floor":3.0},{"not_picked":["Distraction","Concentrate","Finisher","Outmaneuver"],"picked":"Quick Slash","floor":5.0},{"not_picked":["Bane","Dagger Throw","Dagger Spray","Underhanded Strike"],"picked":"Acrobatics","floor":7.0},{"not_picked":["Bouncing Flask","Bane","Night Terror","Setup"],"picked":"Blade Dance","floor":8.0},{"not_picked":["Deflect","Blade Dance","Eviscerate","Dodge and Roll"],"picked":"Backflip","floor":10.0},{"not_picked":["Backflip","Heel Hook","Deflect","Sucker Punch","Grand Finale"],"picked":"SKIP","floor":12.0},{"not_picked":["Quick Slash","Infinite Blades","Noxious Fumes","Slice"],"picked":"Crippling Poison","floor":14.0},{"not_picked":["Corpse Explosion","A Thousand Cuts","After Image","Phantasmal Killer"],"picked":"Storm of Steel","floor":16.0},{"not_picked":["Acrobatics","Outmaneuver","Heel Hook+1","Sucker Punch+1"],"picked":"Underhanded Strike","floor":18},{"not_picked":["Underhanded Strike","Outmaneuver","Dodge and Roll","Riddle With Holes","Reflex+1"],"picked":"SKIP","floor":20},{"not_picked":["Grand Finale","Prepared","Flying Knee+1","Underhanded Strike"],"picked":"Calculated Gamble+1","floor":23},{"not_picked":["Poisoned Stab","Heel Hook","Dodge and Roll","Slice+1"],"picked":"Bane+1","floor":24},{"not_picked":["Noxious Fumes","Prepared","Cloak And Dagger+1","Escape Plan"],"picked":"Corpse Explosion","floor":25},{"not_picked":["Blade Dance","PiercingWail","Flying Knee","Deadly Poison+1","Terror"],"picked":"SKIP","floor":29},{"not_picked":["Dagger Spray","Flying Knee","Distraction","Dodge and Roll"],"picked":"Venomology","floor":30},{"not_picked":["Masterful Stab","Sucker Punch","Choke","Reflex+1"],"picked":"Footwork","floor":31},{"not_picked":["Burst","Night Terror","Malaise","Unload"],"picked":"Adrenaline","floor":33},{"not_picked":["Bane+1","Poisoned Stab","Footwork","Outmaneuver","Blade Dance"],"picked":"SKIP","floor":35},{"not_picked":["Dodge and Roll","PiercingWail","Flying Knee","Blade Dance","Slice+1"],"picked":"SKIP","floor":36},{"not_picked":["Dash+1","Acrobatics","Die Die Die","Deadly Poison+1"],"picked":"After Image","floor":40},{"not_picked":["Doppelganger","All Out Attack+1","Slice+1","Underhanded Strike"],"picked":"Catalyst+1","floor":42},{"not_picked":["Calculated Gamble","Escape Plan","Backflip","Underhanded Strike"],"picked":"Accuracy","floor":45},{"not_picked":["PiercingWail","Dodge and Roll+1","Crippling Poison+1","Quick Slash+1","Dagger Spray"],"picked":"SKIP","floor":47},{"not_picked":["Setup","Sucker Punch+1","Deflect","Backstab"],"picked":"Adrenaline","floor":48}],"player_experience":1165754,"relics_obtained":[{"floor":8.0,"key":"Bronze Scales"},{"floor":9.0,"key":"Eternal Feather"},{"floor":10.0,"key":"Ice Cream"},{"floor":12.0,"key":"PreservedInsect"},{"floor":23,"key":"Akabeko"},{"floor":26,"key":"bronze:BronzeIdol"},{"floor":30,"key":"Guardian:PocketSentry"},{"floor":40,"key":"Whetstone"},{"floor":42,"key":"Snake Skull"},{"floor":43,"key":"Guardian:GemstoneGun"}],"event_choices":[{"damage_healed":0.0,"max_hp_gain":0.0,"max_hp_loss":0.0,"gold_gain":75.0,"event_name":"World of Goop","player_choice":"Gather Gold","floor":4.0,"gold_loss":0.0,"damage_taken":11.0},{"cards_removed":["Accuracy"],"damage_healed":0,"gold_gain":0,"player_choice":"Take \u0026 Give","damage_taken":0,"max_hp_gain":0,"max_hp_loss":0,"event_name":"betterNote:BetterNote","floor":21,"gold_loss":0,"cards_obtained":["hermit:RoundhouseKick"]},{"damage_healed":0,"gold_gain":0,"player_choice":"Joined the Cult","damage_taken":6,"max_hp_gain":0,"max_hp_loss":0,"event_name":"Nest","floor":22,"gold_loss":0,"cards_obtained":["RitualDagger"]},{"cards_removed":["Forethought"],"damage_healed":0,"gold_gain":0,"player_choice":"Removed Skill","damage_taken":0,"max_hp_gain":0,"max_hp_loss":0,"event_name":"Falling","floor":38,"gold_loss":0},{"damage_healed":0,"gold_gain":0,"player_choice":"Paid","damage_taken":0,"relics_obtained":["Red Mask"],"max_hp_gain":0,"max_hp_loss":0,"event_name":"Tomb of Lord Red Mask","floor":39,"gold_loss":37}],"is_beta":false,"boss_relics":[{"not_picked":["Black Star","Astrolabe"],"picked":"sneckomod:SneckoTalon"},{"not_picked":["SlaversCollar","energizedSpire:RedRose"],"picked":"energizedSpire:HugeHouse"}],"items_purged_floors":[0,27,37],"is_endless":false,"potions_floor_spawned":[2,3,5,7,14,16,20,23,31,33,35,42,45,47],"ascension_level":10}