{"gold_per_floor":[113,15,35,49,49,49,2,15,15,15,46,221,246,260,260,260],"floor_reached":16,"playtime":652,"items_purged":[],"score":110,"play_id":"9eb168b0-aa6c-4ab7-ba3e-ffa04c835702","local_time":"20230102013317","is_ascension_mode":false,"campfire_choices":[{"data":"Calculated Gamble","floor":6,"key":"SMITH"},{"data":"Cloak And Dagger","floor":10,"key":"SMITH"},{"floor":15,"key":"REST"}],"neow_cost":"NONE","seed_source_timestamp":35820558924800,"circlet_count":0,"master_deck":["Strike_G","Strike_G","Strike_G","Strike_G","Defend_G","Defend_G","Defend_G","Defend_G","Defend_G","Survivor","Neutralize","Predator","Blade Dance","Poisoned Stab","Blur","Calculated Gamble+1","Backflip","Cloak And Dagger+1","Endless Agony","Doubt","Glass Knife","Leg Sweep"],"relics":["Ring of the Snake","Bottled Lightning","Unceasing Top","Centennial Puzzle"],"potions_floor_usage":[11,13,13,13,13],"damage_taken":[{"damage":7,"enemies":"2 Louse","floor":1,"turns":2},{"damage":0,"enemies":"Cultist","floor":3,"turns":3},{"damage":0,"enemies":"Small Slimes","floor":4,"turns":3},{"damage":7,"enemies":"3 Louse","floor":8,"turns":3},{"damage":2,"enemies":"Gremlin Nob","floor":11,"turns":3},{"damage":36,"enemies":"Lagavulin","floor":13,"turns":4},{"damage":9,"enemies":"2 Fungi Beasts","floor":14,"turns":2},{"damage":41,"enemies":"Slime Boss","floor":16,"turns":5}],"seed_played":"-5440218467402026317","potions_obtained":[{"floor":1,"key":"ColorlessPotion"},{"floor":11,"key":"EntropicBrew"}],"is_trial":false,"path_per_floor":["M","$","M","M","?","R","$","M","T","R","E","?","E","M","R","B"],"character_chosen":"THE_SILENT","items_purchased":["Blade Dance","Poisoned Stab","Backflip"],"campfire_rested":1,"item_purchase_floors":[2,2,7],"current_hp_per_floor":[70,70,70,70,70,70,70,63,63,63,61,61,25,16,39,0],"gold":260,"neow_bonus":"TEN_PERCENT_HP_BONUS","is_prod":false,"is_daily":false,"chose_seed":false,"campfire_upgraded":2,"win_rate":0,"timestamp":1672641197,"path_taken":["M","$","M","M","?","R","$","?","T","R","E","?","E","M","R","BOSS"],"build_version":"2022-12-18","purchased_purges":0,"victory":false,"max_hp_per_floor":[77,77,77,77,77,77,77,77,77,77,77,77,77,77,77,77],"card_choices":[{"not_picked":["Dagger Throw","Bouncing Flask"],"picked":"Predator","floor":1},{"not_picked":["Blade Dance","Deflect"],"picked":"Blur","floor":3},{"not_picked":["PiercingWail","Dagger Throw"],"picked":"Calculated Gamble","floor":4},{"not_picked":["Poisoned Stab","Dagger Throw"],"picked":"Cloak And Dagger","floor":8},{"not_picked":["Backflip","Dagger Throw"],"picked":"Endless Agony","floor":11},{"not_picked":["Riddle With Holes","Deadly Poison"],"picked":"Glass Knife","floor":13},{"not_picked":["Deflect","Flying Knee"],"picked":"Leg Sweep","floor":14}],"player_experience":955616,"relics_obtained":[{"floor":9,"key":"Bottled Lightning"},{"floor":11,"key":"Unceasing Top"},{"floor":13,"key":"Centennial Puzzle"}],"event_choices":[{"cards_removed":["Strike_G"],"damage_healed":0,"gold_gain":0,"player_choice":"Purged","damage_taken":0,"max_hp_gain":0,"max_hp_loss":0,"event_name":"Purifier","floor":5,"gold_loss":0},{"damage_healed":0,"gold_gain":175,"player_choice":"AGREE","damage_taken":0,"max_hp_gain":0,"max_hp_loss":0,"event_name":"Liars Game","floor":12,"gold_loss":0,"cards_obtained":["Doubt"]}],"is_beta":false,"boss_relics":[],"items_purged_floors":[],"is_endless":false,"potions_floor_spawned":[1,11],"killed_by":"Slime Boss","ascension_level":0}