{"gold_per_floor":[119,131,150,100,100,127,127,156,234,234,334,334,106,120,120,221,221,232,245,264,39,39],"floor_reached":22,"playtime":1530,"items_purged":["Normality","Normality","downfall:Haunted"],"score":244,"play_id":"064b3ce2-efbd-4c97-a804-e4bf6a0858dd","local_time":"20221229085844","is_ascension_mode":false,"campfire_choices":[{"data":"Accuracy","floor":10,"key":"SMITH"},{"data":"Tools of the Trade","floor":12,"key":"SMITH"},{"data":"Catalyst","floor":15,"key":"SMITH"}],"neow_cost":"","seed_source_timestamp":1110192916192299,"circlet_count":0,"master_deck":["Strike_G","Defend_G","Defend_G","Defend_G","Survivor","Neutralize","Hidden Blade","Poisoned Stab","Replay:Poison Smokescreen","Blade Dance","downfall:Haunted","Tools of the Trade+1","Accuracy+1","Catalyst+1","Well Laid Plans","Toxin Wave","Poison Darts","ReplayTheSpireMod:Faulty Equipment","Terror+1","Acrobatics+1","Bane"],"relics":["Ring of the Snake","moreChoices:MoreCardChoices","Girya","Darkstone Periapt","PreservedInsect","Onion Ring","Kintsugi"],"potions_floor_usage":[6,16,16],"damage_taken":[{"damage":1,"enemies":"2 Louse","floor":1,"turns":5},{"damage":2,"enemies":"Small Slimes","floor":2,"turns":4},{"damage":0,"enemies":"Cultist","floor":3,"turns":3},{"damage":24,"enemies":"3 Sentries","floor":6,"turns":7},{"damage":17,"enemies":"Lagavulin","floor":8,"turns":7},{"damage":8,"enemies":"Large Slime","floor":14,"turns":6},{"damage":30,"enemies":"Hexaghost","floor":16,"turns":8},{"damage":41,"enemies":"2 Thieves","floor":18,"turns":4},{"damage":30,"enemies":"3 Byrds","floor":19,"turns":5},{"damage":29,"enemies":"Snake Plant","floor":20,"turns":4},{"damage":11,"enemies":"Shelled Parasite and Fungi","floor":22,"turns":2}],"seed_played":"-125368619978233969","potions_obtained":[{"floor":1,"key":"Strength Potion"},{"floor":8,"key":"Doom Potion"},{"floor":14,"key":"Strength Potion"},{"floor":16,"key":"SteroidPotion"}],"is_trial":false,"path_per_floor":["M","M","M","?","?","E","?","E","T","R","?","R","$","M","R","B",null,"M","M","M","$","M"],"character_chosen":"THE_SILENT","items_purchased":["Catalyst","Well Laid Plans"],"campfire_rested":0,"item_purchase_floors":[13,13],"current_hp_per_floor":[69,67,67,67,72,48,66,49,49,49,49,49,49,41,41,11,105,64,34,5,5,0],"gold":39,"neow_bonus":"","is_prod":false,"is_daily":false,"chose_seed":false,"campfire_upgraded":3,"win_rate":0,"timestamp":1672322324,"path_taken":["M","M","M","?","?","E","?","E","T","R","?","R","$","M","R","BOSS","M","M","?","$","M"],"build_version":"2022-12-18","purchased_purges":3,"victory":false,"max_hp_per_floor":[70,70,70,70,75,75,93,93,93,93,93,93,93,93,93,93,105,105,105,105,105,105],"card_choices":[{"not_picked":["ReplayTheSpireMod:Exploit Weakness","Slice","Backflip","Deadly Poison"],"picked":"Hidden Blade","floor":1},{"not_picked":["Catalyst","Dagger Throw","Bane","All Out Attack"],"picked":"Poisoned Stab","floor":2},{"not_picked":["Bane","Deadly Poison","Malaise","Backflip"],"picked":"Replay:Poison Smokescreen","floor":3},{"not_picked":["Hidden Blade","Backflip","Sucker Punch","Calculated Gamble"],"picked":"Blade Dance","floor":6},{"not_picked":["Outmaneuver","Bane","Blade Dance","Dagger Spray"],"picked":"Accuracy","floor":8},{"not_picked":["Acrobatics","Caltrops","Riddle With Holes","Deadly Poison"],"picked":"Toxin Wave","floor":14},{"not_picked":["After Image","Die Die Die","Night Terror","Adrenaline"],"picked":"Poison Darts","floor":16},{"not_picked":["Flying Knee","Heel Hook","Outmaneuver+1","Sucker Punch+1"],"picked":"Terror+1","floor":18},{"not_picked":["Cloak And Dagger","Quick Slash","Doppelganger","Dash"],"picked":"Acrobatics+1","floor":19},{"not_picked":["Sucker Punch","Deadly Poison","Acrobatics","Flying Knee"],"picked":"Bane","floor":20}],"player_experience":1166599,"relics_obtained":[{"floor":6,"key":"Girya"},{"floor":8,"key":"PreservedInsect"},{"floor":9,"key":"Onion Ring"}],"event_choices":[{"cards_removed":["Defend_G"],"damage_healed":0,"gold_gain":0,"player_choice":"Card Removal","damage_taken":0,"max_hp_gain":0,"max_hp_loss":0,"event_name":"The Cleric","floor":4,"gold_loss":50},{"damage_healed":0,"gold_gain":0,"player_choice":"Donut","damage_taken":0,"max_hp_gain":5,"max_hp_loss":0,"event_name":"Big Fish","floor":5,"gold_loss":0},{"damage_healed":0,"gold_gain":0,"player_choice":"Took Box","damage_taken":0,"relics_obtained":["Darkstone Periapt"],"max_hp_gain":0,"max_hp_loss":0,"event_name":"hexamod:WanderingSpecter","floor":7,"gold_loss":0,"cards_obtained":["downfall:Haunted","downfall:Haunted","Normality","Tools of the Trade"]},{"damage_healed":0,"gold_gain":100,"player_choice":"Pray","damage_taken":0,"max_hp_gain":0,"max_hp_loss":0,"event_name":"Golden Shrine","floor":11,"gold_loss":0}],"is_beta":false,"boss_relics":[{"not_picked":["Sozu","Abe\u0027s Treasure"],"picked":"Kintsugi"}],"items_purged_floors":[13,21,21],"is_endless":false,"potions_floor_spawned":[1,8,14,16],"killed_by":"Shelled Parasite and Fungi","ascension_level":0}