{"gold_per_floor":[115,42,55,55,67,67,82,157,157,192,205,205,240,251,251,348,348,367,367,384,161,177,203,222,222,300,225,243,255,281,380,380,479,479,491,491,503,519,569,569,600,615,615,615,628,168,168,183,183,183],"floor_reached":51,"playtime":2615,"items_purged":["Defend_G","Defend_G"],"score":736,"play_id":"04e943cf-0700-4138-a56a-aab8e3e01c31","local_time":"20221231170436","is_ascension_mode":false,"campfire_choices":[{"data":"Accuracy","floor":6,"key":"SMITH"},{"data":"Prepared","floor":12,"key":"SMITH"},{"floor":15,"key":"REST"},{"data":"Eviscerate","floor":25,"key":"SMITH"},{"data":"Prepared","floor":32,"key":"SMITH"},{"floor":40,"key":"DIG"},{"data":"Adrenaline","floor":44,"key":"SMITH"},{"floor":47,"key":"DIG"},{"floor":49,"key":"DIG"}],"neow_cost":"NONE","seed_source_timestamp":23118212675700,"circlet_count":0,"master_deck":["Strike_G","Strike_G+1","Strike_G","Strike_G","Defend_G+1","Defend_G","Defend_G","Survivor","Neutralize","Blade Dance","Accuracy+1","Crippling Poison","Adrenaline+1","Prepared+1","Eviscerate+1","Prepared+1","Cloak And Dagger","After Image","Leg Sweep","PiercingWail+1","Reflex","Calculated Gamble+1","Well Laid Plans","Acrobatics","After Image","CurseOfTheBell","Distraction+1","Master of Strategy","Underhanded Strike","Underhanded Strike+1"],"relics":["Ring of the Snake","NeowsBlessing","Mummified Hand","White Beast Statue","Shovel","WristBlade","Gambling Chip","Vajra","Bottled Flame","Paper Crane","Calling Bell","Oddly Smooth Stone","Eternal Feather","Incense Burner","Strawberry","hermit:Horseshoe","Juzu Bracelet","Mercury Hourglass","Bronze Scales","Pen Nib","Sundial","Ornamental Fan"],"potions_floor_usage":[10,10,14,16,16,16,23,23,33,33,33,33,33,38,50],"damage_taken":[{"damage":0,"enemies":"Jaw Worm","floor":1,"turns":1},{"damage":0,"enemies":"2 Louse","floor":3,"turns":1},{"damage":0,"enemies":"Small Slimes","floor":5,"turns":1},{"damage":2,"enemies":"Looter","floor":7,"turns":2},{"damage":6,"enemies":"Gremlin Nob","floor":10,"turns":3},{"damage":8,"enemies":"Gremlin Gang","floor":11,"turns":3},{"damage":2,"enemies":"3 Sentries","floor":13,"turns":6},{"damage":1,"enemies":"2 Fungi Beasts","floor":14,"turns":3},{"damage":18,"enemies":"Hexaghost","floor":16,"turns":6},{"damage":5,"enemies":"Spheric Guardian","floor":18,"turns":3},{"damage":0,"enemies":"2 Thieves","floor":20,"turns":2},{"damage":0,"enemies":"Cultist and Chosen","floor":22,"turns":6},{"damage":14,"enemies":"Book of Stabbing","floor":23,"turns":5},{"damage":2,"enemies":"Sentry and Sphere","floor":24,"turns":3},{"damage":0,"enemies":"Chosen and Byrds","floor":28,"turns":3},{"damage":0,"enemies":"Snecko","floor":29,"turns":2},{"damage":8,"enemies":"Automaton","floor":33,"turns":4},{"damage":0,"enemies":"Orb Walker","floor":35,"turns":1},{"damage":4,"enemies":"3 Darklings","floor":37,"turns":3},{"damage":10,"enemies":"Maw","floor":38,"turns":7},{"damage":0,"enemies":"Mind Bloom Boss Battle","floor":39,"turns":5},{"damage":0,"enemies":"Reptomancer","floor":41,"turns":7},{"damage":0,"enemies":"Writhing Mass","floor":42,"turns":6},{"damage":0,"enemies":"Jaw Worm Horde","floor":45,"turns":4},{"damage":0,"enemies":"Spire Growth","floor":48,"turns":3},{"damage":16,"enemies":"Awakened One","floor":50,"turns":10}],"seed_played":"-7443265160506940708","potions_obtained":[{"floor":5,"key":"CultistPotion"},{"floor":7,"key":"AttackPotion"},{"floor":10,"key":"SteroidPotion"},{"floor":11,"key":"gremlin:WizPotion"},{"floor":13,"key":"EssenceOfSteel"},{"floor":14,"key":"AttackPotion"},{"floor":16,"key":"EntropicBrew"},{"floor":18,"key":"expansioncontent:BossPotion"},{"floor":20,"key":"champ:CounterPotion"},{"floor":23,"key":"Strength Potion"},{"floor":24,"key":"hexamod:SoulburnPotion"},{"floor":33,"key":"Swift Potion"},{"floor":35,"key":"Guardian:BlockOnCardUsePotion"},{"floor":37,"key":"hexamod:SoulburnPotion"},{"floor":38,"key":"FairyPotion"}],"is_trial":false,"path_per_floor":["M","$","M","?","M","R","M","?","T","E","M","R","E","M","R","B",null,"M","?","M","$","M","E","M","R","T","?","M","M","T","?","R","B",null,"M","?","M","M","?","R","E","M","T","R","M","$","R","M","R","B",null],"character_chosen":"THE_SILENT","items_purchased":["Accuracy","Vajra","Pen Nib","Master of Strategy","Underhanded Strike"],"campfire_rested":1,"item_purchase_floors":[2,21,46,46,46],"current_hp_per_floor":[70,70,70,56,56,56,54,43,43,37,29,29,27,26,47,29,70,65,65,65,65,65,51,49,49,49,49,49,49,49,49,49,41,70,70,77,73,63,63,77,77,77,77,77,77,77,77,77,77,61],"gold":183,"neow_bonus":"THREE_ENEMY_KILL","is_prod":false,"is_daily":false,"chose_seed":false,"campfire_upgraded":5,"win_rate":0,"timestamp":1672524276,"path_taken":["M","$","M","?","M","R","M","?","T","E","M","R","E","M","R","BOSS","M","?","M","$","M","E","M","R","T","?","M","M","?","?","R","BOSS","M","?","?","M","?","R","E","M","T","R","M","$","R","M","R","BOSS"],"build_version":"2022-12-18","purchased_purges":2,"victory":true,"max_hp_per_floor":[70,70,70,70,70,70,70,70,70,70,70,70,70,70,70,70,70,70,70,70,70,70,70,70,70,70,70,70,70,70,70,70,70,70,70,77,77,77,77,77,77,77,77,77,77,77,77,77,77,77],"card_choices":[{"not_picked":["Outmaneuver","PiercingWail"],"picked":"Blade Dance","floor":1},{"not_picked":["Tactician","PiercingWail"],"picked":"Crippling Poison","floor":3},{"not_picked":["Outmaneuver","Underhanded Strike","Slice"],"picked":"SKIP","floor":5},{"not_picked":["Acrobatics","Prepared"],"picked":"Adrenaline","floor":7},{"not_picked":["Dagger Spray","Catalyst"],"picked":"Prepared","floor":10},{"not_picked":["Deflect","Outmaneuver"],"picked":"Eviscerate","floor":11},{"not_picked":["Quick Slash","All Out Attack"],"picked":"Prepared","floor":13},{"not_picked":["Prepared","Bouncing Flask"],"picked":"Cloak And Dagger","floor":14},{"not_picked":["Unload","Burst"],"picked":"After Image","floor":16},{"not_picked":["Expertise+1","Predator"],"picked":"Leg Sweep","floor":18},{"not_picked":["Caltrops","Quick Slash+1"],"picked":"PiercingWail+1","floor":20},{"not_picked":["Flying Knee+1","Acrobatics+1"],"picked":"Reflex","floor":22},{"not_picked":["Riddle With Holes","Acrobatics"],"picked":"Calculated Gamble+1","floor":23},{"not_picked":["Flechettes","Skewer","Masterful Stab"],"picked":"SKIP","floor":24},{"not_picked":["Prepared","Bane+1"],"picked":"Well Laid Plans","floor":28},{"not_picked":["Poisoned Stab","Deadly Poison"],"picked":"Acrobatics","floor":29},{"not_picked":["Corpse Explosion","Unload"],"picked":"After Image","floor":33},{"not_picked":["Slice","Dagger Spray","Bouncing Flask"],"picked":"SKIP","floor":35},{"not_picked":["All Out Attack+1","Dagger Spray+1","Dagger Throw"],"picked":"SKIP","floor":37},{"not_picked":["Blur+1","Deflect+1"],"picked":"Distraction+1","floor":38},{"not_picked":["Quick Slash+1","Dagger Throw","Phantasmal Killer"],"picked":"SKIP","floor":41},{"not_picked":["Accuracy+1","Blade Dance","Concentrate"],"picked":"SKIP","floor":42},{"not_picked":["Cloak And Dagger","Dagger Spray+1","Quick Slash+1"],"picked":"SKIP","floor":45},{"not_picked":["Dagger Throw","Choke"],"picked":"Underhanded Strike+1","floor":48}],"player_experience":1199223,"relics_obtained":[{"floor":9,"key":"Mummified Hand"},{"floor":10,"key":"White Beast Statue"},{"floor":13,"key":"Shovel"},{"floor":23,"key":"Bottled Flame"},{"floor":26,"key":"Paper Crane"},{"floor":34,"key":"Oddly Smooth Stone"},{"floor":34,"key":"Eternal Feather"},{"floor":34,"key":"Incense Burner"},{"floor":36,"key":"Strawberry"},{"floor":39,"key":"hermit:Horseshoe"},{"floor":40,"key":"Juzu Bracelet"},{"floor":41,"key":"Mercury Hourglass"},{"floor":43,"key":"Bronze Scales"},{"floor":47,"key":"Sundial"},{"floor":49,"key":"Ornamental Fan"}],"event_choices":[{"damage_healed":0,"gold_gain":0,"player_choice":"Entered Light","damage_taken":14,"max_hp_gain":0,"max_hp_loss":0,"event_name":"Shining Light","floor":4,"gold_loss":0,"cards_upgraded":["Defend_G","Strike_G"]},{"damage_healed":0,"gold_gain":75,"player_choice":"Gather Gold","damage_taken":11,"max_hp_gain":0,"max_hp_loss":0,"event_name":"World of Goop","floor":8,"gold_loss":0},{"damage_healed":0,"gold_gain":0,"player_choice":"Opened","damage_taken":0,"relics_obtained":["Gambling Chip"],"max_hp_gain":0,"max_hp_loss":0,"event_name":"The Mausoleum","floor":19,"gold_loss":0},{"cards_removed":["Strike_G"],"damage_healed":0,"gold_gain":0,"player_choice":"Gave Gold","damage_taken":0,"max_hp_gain":0,"max_hp_loss":0,"event_name":"Beggar","floor":27,"gold_loss":75},{"damage_healed":0,"gold_gain":99,"player_choice":"Stole From Cult","damage_taken":0,"max_hp_gain":0,"max_hp_loss":0,"event_name":"Nest","floor":31,"gold_loss":0},{"damage_healed":0,"gold_gain":0,"player_choice":"Relic","damage_taken":0,"max_hp_gain":0,"max_hp_loss":0,"event_name":"Wheel of Change","floor":36,"gold_loss":0},{"damage_healed":0,"gold_gain":0,"player_choice":"Fight","damage_taken":0,"max_hp_gain":0,"max_hp_loss":0,"event_name":"MindBloom","floor":39,"gold_loss":0}],"is_beta":false,"boss_relics":[{"not_picked":["SlaversCollar","bronze:MakeshiftBattery"],"picked":"WristBlade"},{"not_picked":["SacredBark","Philosopher\u0027s Stone"],"picked":"Calling Bell"}],"items_purged_floors":[21,46],"is_endless":false,"potions_floor_spawned":[5,7,10,11,13,14,16,18,20,22,23,24,28,29,33,35,37,38,39,41,42,45,48],"ascension_level":0}