{"gold_per_floor":[115,133,15,90,100,132,132,162,162,174,189,189,189,201,201,303,303,317,328,339,339,353,383,383,383,410,420,223,233,233],"floor_reached":30,"playtime":78814,"items_purged":["Defend_G"],"score":264,"play_id":"7170fab2-c5d2-48d6-8904-87a212ec8d14","local_time":"20230112215750","is_ascension_mode":false,"campfire_choices":[{"floor":12,"key":"REST"},{"floor":15,"key":"REST"},{"data":"Apotheosis","floor":25,"key":"SMITH"}],"neow_cost":"NONE","seed_source_timestamp":75695618518000,"circlet_count":0,"master_deck":["Strike_G","Strike_G","Strike_G","Strike_G","Strike_G","Defend_G","Defend_G","Defend_G","Defend_G","Survivor+1","Neutralize","Dash","Dagger Throw","Footwork","PiercingWail","Finisher","Storm of Steel","Leg Sweep","Acrobatics","Underhanded Strike","Predator","Corpse Explosion","Blade Dance","StSpp:SpareBlade","Poisoned Stab","Apotheosis+1","Bouncing Flask+1","StSpp:TimeParadox","Night Terror","Noxious Fumes","Catalyst","Calculated Gamble"],"relics":["Ring of the Snake","moreChoices:MoreCardChoices","Bag of Marbles","Gambling Chip","FaceOfCleric","Runic Pyramid","Nunchaku","Smiling Mask"],"potions_floor_usage":[6,6,6,7,8,8,8,15,19,19,19,20,23,23,29],"damage_taken":[{"damage":0,"enemies":"Small Slimes","floor":1,"turns":5},{"damage":1,"enemies":"Jaw Worm","floor":2,"turns":4},{"damage":0,"enemies":"Cultist","floor":5,"turns":6},{"damage":27,"enemies":"Lagavulin","floor":6,"turns":9},{"damage":19,"enemies":"3 Sentries","floor":8,"turns":11},{"damage":0,"enemies":"Looter","floor":10,"turns":3},{"damage":6,"enemies":"Gremlin Gang","floor":11,"turns":4},{"damage":0,"enemies":"Lots of Slimes","floor":14,"turns":4},{"damage":41,"enemies":"Hexaghost","floor":16,"turns":16},{"damage":0,"enemies":"Chosen","floor":18,"turns":5},{"damage":0,"enemies":"Spheric Guardian","floor":19,"turns":3},{"damage":0,"enemies":"Centurion and Healer","floor":20,"turns":4},{"damage":30,"enemies":"Shelled Parasite and Fungi","floor":22,"turns":5},{"damage":18,"enemies":"Gremlin Leader","floor":23,"turns":8},{"damage":0,"enemies":"Snake Plant","floor":27,"turns":5},{"damage":16,"enemies":"Centurion and Healer","floor":29,"turns":3},{"damage":21,"enemies":"Slavers","floor":30,"turns":3}],"seed_played":"4749927798080284463","potions_obtained":[{"floor":1,"key":"StSpp:ScatteredArmorPotion"},{"floor":6,"key":"EntropicBrew"},{"floor":8,"key":"Fruit Juice"},{"floor":10,"key":"StSpp:SecondWindPotion"},{"floor":18,"key":"EntropicBrew"},{"floor":19,"key":"StSpp:InhibitionPotion"},{"floor":27,"key":"Energy Potion"}],"is_trial":false,"path_per_floor":["M","M","$","?","M","E","?","E","T","M","M","R","?","M","R","B",null,"M","M","M","?","M","E","?","R","T","M","$","M","E"],"character_chosen":"THE_SILENT","items_purchased":["Footwork","PiercingWail","Noxious Fumes","Catalyst"],"campfire_rested":2,"item_purchase_floors":[3,3,28,28],"current_hp_per_floor":[70,69,69,58,58,31,31,12,12,12,6,27,27,28,54,14,77,78,79,80,80,51,34,34,34,34,35,35,20,0],"gold":233,"neow_bonus":"UPGRADE_CARD","is_prod":false,"is_daily":false,"chose_seed":false,"campfire_upgraded":1,"win_rate":0,"timestamp":1673578670,"path_taken":["M","M","$","?","M","E","?","E","T","?","M","R","?","M","R","BOSS","M","?","M","?","?","E","?","R","T","M","$","M","E"],"build_version":"2022-12-18","purchased_purges":1,"victory":false,"max_hp_per_floor":[70,70,70,70,70,70,70,70,70,70,70,70,70,71,76,77,77,78,79,80,80,81,82,82,82,82,83,83,84,84],"card_choices":[{"not_picked":["Flying Knee","Tactician","Quick Slash","Concentrate"],"picked":"Dash","floor":1},{"not_picked":["Slice","Dodge and Roll","Sucker Punch","Cloak And Dagger"],"picked":"Dagger Throw","floor":2},{"not_picked":["PiercingWail","StSpp:Dive","Caltrops","Acrobatics"],"picked":"Finisher","floor":5},{"not_picked":["Sucker Punch","Blur","Backflip","PiercingWail"],"picked":"Storm of Steel","floor":6},{"not_picked":["Sucker Punch","Flying Knee","Slice","StSpp:Lure"],"picked":"Leg Sweep","floor":8},{"not_picked":["StSpp:Dive","Dagger Throw","Outmaneuver","Bane"],"picked":"Acrobatics","floor":10},{"not_picked":["Calculated Gamble","Sucker Punch","Cloak And Dagger","Bane"],"picked":"Underhanded Strike","floor":11},{"not_picked":["Prepared","Riddle With Holes","Poisoned Stab","Sucker Punch"],"picked":"Predator","floor":14},{"not_picked":["Venomology","StSpp:Landslide","Tools of the Trade","Adrenaline"],"picked":"Corpse Explosion","floor":16},{"not_picked":["Deflect","Quick Slash","Flying Knee","Backflip"],"picked":"Blade Dance","floor":18},{"not_picked":["Sucker Punch","Footwork","PiercingWail+1","Expertise+1"],"picked":"StSpp:SpareBlade","floor":19},{"not_picked":["StSpp:PoisonousPunch","Leg Sweep","Deadly Poison","Bouncing Flask"],"picked":"Poisoned Stab","floor":20},{"not_picked":["Backflip","Riddle With Holes","Dodge and Roll","Dash"],"picked":"Bouncing Flask+1","floor":22},{"not_picked":["Acrobatics+1","Prepared","Footwork","StSpp:PoisonousPunch"],"picked":"StSpp:TimeParadox","floor":23},{"not_picked":["Choke","Heel Hook+1","Endless Agony","Backstab+1"],"picked":"Night Terror","floor":27},{"not_picked":["Flechettes","StSpp:Landslide","StSpp:FiercePoison","Adrenaline"],"picked":"Calculated Gamble","floor":29}],"player_experience":982918,"relics_obtained":[{"floor":6,"key":"Bag of Marbles"},{"floor":8,"key":"Gambling Chip"},{"floor":23,"key":"Nunchaku"},{"floor":26,"key":"Smiling Mask"}],"event_choices":[{"damage_healed":0,"gold_gain":75,"player_choice":"Gold","damage_taken":11,"max_hp_gain":0,"max_hp_loss":0,"event_name":"betterThird:BetterGoop","floor":4,"gold_loss":0},{"damage_healed":0,"gold_gain":0,"player_choice":"0 cards matched","damage_taken":0,"max_hp_gain":0,"max_hp_loss":0,"event_name":"Match and Keep!","floor":7,"gold_loss":0,"cards_obtained":[]},{"damage_healed":0,"gold_gain":0,"player_choice":"Trade","damage_taken":0,"relics_obtained":["FaceOfCleric"],"max_hp_gain":0,"max_hp_loss":0,"event_name":"FaceTrader","floor":13,"gold_loss":0},{"cards_removed":["Corpse Explosion"],"damage_healed":0,"gold_gain":0,"player_choice":"Take \u0026 Give","damage_taken":0,"max_hp_gain":0,"max_hp_loss":0,"event_name":"betterNote:BetterNote","floor":21,"gold_loss":0,"cards_obtained":["Apotheosis"]},{"damage_healed":0,"gold_gain":0,"player_choice":"Ignored","damage_taken":0,"max_hp_gain":0,"max_hp_loss":0,"event_name":"Ghosts","floor":24,"gold_loss":0}],"is_beta":false,"boss_relics":[{"not_picked":["SlaversCollar","Philosopher\u0027s Stone"],"picked":"Runic Pyramid"}],"items_purged_floors":[28],"is_endless":false,"potions_floor_spawned":[1,6,8,10,18,19,27],"killed_by":"Slavers","ascension_level":0}