{"gold_per_floor":[116,130,142,154,170,205,20,54,132,149,149,149,149,161,161,261,261,273,283,283,294,44,75,94,105,105,105,125,25,58,68,68,170,170,188,205,219,17,27,27,27,62,62,12,62,77,77,112,112,112],"floor_reached":50,"playtime":3494,"items_purged":["Skewer+1","ICR:Dodge","Parasite"],"score":558,"play_id":"def794dc-ca25-4ef0-af9b-bea63f528211","local_time":"20230117010523","is_ascension_mode":false,"campfire_choices":[{"floor":11,"key":"REST"},{"floor":13,"key":"REST"},{"data":"ICR:Dodge","floor":15,"key":"SMITH"},{"data":"Wraith Form v2","floor":27,"key":"SMITH"},{"floor":32,"key":"REST"},{"data":"Well Laid Plans","floor":40,"key":"SMITH"},{"floor":49,"key":"REST"}],"neow_cost":"NONE","seed_source_timestamp":88594033827600,"circlet_count":0,"master_deck":["Survivor","Neutralize","ICR:VenomStrike","ICR:VenomStrike","ICR:VenomStrike","ICR:VenomStrike","ICR:Dodge+1","ICR:Dodge","ICR:Dodge","ICR:Dodge","Crippling Poison","Poisoned Stab","Blade Dance","Backflip","PiercingWail","Wraith Form v2+1","Dash","Bane+1","Caltrops","Adrenaline+1","Bouncing Flask","Sucker Punch+1","Well Laid Plans+1","Enlightenment","Escape Plan","Setup","Heel Hook+1","Bullet Time","ICR:Vanish","Heel Hook+1","Acrobatics","Acrobatics+1"],"relics":["Ring of the Snake","Paper Crane","TwistedFunnel","Molten Egg 2","White Beast Statue","Black Star","Tingsha","Happy Flower","Blue Candle","Pocketwatch","Singing Bowl","Busted Crown","Bottled Lightning","Du-Vu Doll","Mercury Hourglass","CaptainsWheel","Bag of Marbles","Lantern"],"potions_floor_usage":[5,6,16,19,30,30,33,33,42,42,50,50],"damage_taken":[{"damage":1,"enemies":"Cultist","floor":1,"turns":5},{"damage":2,"enemies":"Small Slimes","floor":2,"turns":3},{"damage":3,"enemies":"Jaw Worm","floor":3,"turns":3},{"damage":9,"enemies":"Red Slaver","floor":4,"turns":2},{"damage":4,"enemies":"Looter","floor":5,"turns":3},{"damage":42,"enemies":"3 Sentries","floor":6,"turns":11},{"damage":2,"enemies":"Gremlin Nob","floor":8,"turns":4},{"damage":0,"enemies":"2 Fungi Beasts","floor":10,"turns":3},{"damage":0,"enemies":"Large Slime","floor":14,"turns":5},{"damage":14,"enemies":"Hexaghost","floor":16,"turns":8},{"damage":0,"enemies":"Chosen","floor":18,"turns":5},{"damage":6,"enemies":"2 Thieves","floor":19,"turns":4},{"damage":2,"enemies":"3 Cultists","floor":21,"turns":5},{"damage":13,"enemies":"Book of Stabbing","floor":23,"turns":7},{"damage":16,"enemies":"Shelled Parasite and Fungi","floor":24,"turns":5},{"damage":5,"enemies":"Centurion and Healer","floor":25,"turns":8},{"damage":0,"enemies":"Snake Plant","floor":28,"turns":4},{"damage":13,"enemies":"Gremlin Leader","floor":30,"turns":8},{"damage":6,"enemies":"Sentry and Sphere","floor":31,"turns":4},{"damage":1,"enemies":"Automaton","floor":33,"turns":8},{"damage":2,"enemies":"Orb Walker","floor":35,"turns":4},{"damage":7,"enemies":"3 Darklings","floor":36,"turns":6},{"damage":0,"enemies":"Writhing Mass","floor":37,"turns":6},{"damage":14,"enemies":"Spire Growth","floor":39,"turns":6},{"damage":3,"enemies":"Reptomancer","floor":42,"turns":8},{"damage":12,"enemies":"Mind Bloom Boss Battle","floor":45,"turns":7},{"damage":3,"enemies":"3 Darklings","floor":46,"turns":4},{"damage":7,"enemies":"Nemesis","floor":48,"turns":7},{"damage":64,"enemies":"Time Eater","floor":50,"turns":8}],"seed_played":"-6421819647069581803","potions_obtained":[{"floor":1,"key":"SkillPotion"},{"floor":2,"key":"Weak Potion"},{"floor":8,"key":"Energy Potion"},{"floor":10,"key":"LiquidBronze"},{"floor":14,"key":"Strength Potion"},{"floor":16,"key":"AttackPotion"},{"floor":19,"key":"BlessingOfTheForge"},{"floor":25,"key":"LiquidMemories"},{"floor":30,"key":"SteroidPotion"},{"floor":31,"key":"CultistPotion"},{"floor":33,"key":"DistilledChaos"},{"floor":35,"key":"Block Potion"},{"floor":42,"key":"DuplicationPotion"},{"floor":45,"key":"AttackPotion"},{"floor":46,"key":"Energy Potion"}],"is_trial":false,"path_per_floor":["M","M","M","M","M","E","$","E","T","M","R","?","R","M","R","B",null,"M","M","?","M","$","E","M","M","T","R","M","$","E","M","R","B",null,"M","M","M","$","M","R","$","E","T","$","?","M","?","E","R","B"],"character_chosen":"THE_SILENT","items_purchased":["TwistedFunnel","Dash","Well Laid Plans","Enlightenment","Heel Hook+1","Acrobatics"],"campfire_rested":4,"item_purchase_floors":[7,7,22,22,38,44],"current_hp_per_floor":[69,67,64,55,51,9,9,7,7,7,28,28,49,49,49,35,70,70,64,64,62,62,49,33,28,28,28,28,28,17,13,35,34,74,72,67,69,69,57,57,57,56,56,56,46,43,43,38,61,0],"gold":112,"neow_bonus":"SILENT_POISONER","is_prod":false,"is_daily":false,"chose_seed":false,"campfire_upgraded":3,"win_rate":0,"timestamp":1673935523,"path_taken":["M","M","M","M","M","E","$","E","T","?","R","?","R","M","R","BOSS","M","M","?","M","$","E","M","M","T","R","M","$","E","M","R","BOSS","M","M","M","$","M","R","$","E","T","?","?","M","?","E","R","BOSS"],"build_version":"2022-12-18","purchased_purges":3,"victory":false,"max_hp_per_floor":[70,70,70,70,70,70,70,70,70,70,70,70,70,70,70,70,70,70,70,70,70,70,70,70,70,70,70,70,70,72,74,74,74,74,74,76,78,75,77,77,77,79,79,79,81,81,77,79,79,79],"card_choices":[{"not_picked":["Quick Slash","Blade Dance"],"picked":"Crippling Poison","floor":1},{"not_picked":["Deadly Poison","Escape Plan"],"picked":"Poisoned Stab","floor":2},{"not_picked":["Caltrops","Outmaneuver"],"picked":"Blade Dance","floor":3},{"not_picked":["Cloak And Dagger","PiercingWail"],"picked":"Backflip","floor":4},{"not_picked":["Eviscerate","Sucker Punch"],"picked":"PiercingWail","floor":5},{"not_picked":["Predator","Acrobatics"],"picked":"Wraith Form v2","floor":6},{"not_picked":["Eviscerate+1","Dagger Spray+1"],"picked":"Bane+1","floor":8},{"not_picked":["Deflect","Dagger Throw+1"],"picked":"Caltrops","floor":10},{"not_picked":["PiercingWail","Dodge and Roll"],"picked":"Skewer+1","floor":14},{"not_picked":["Phantasmal Killer","Grand Finale+1"],"picked":"Adrenaline","floor":16},{"not_picked":["Outmaneuver","Deadly Poison"],"picked":"Bouncing Flask","floor":18},{"not_picked":["Slice+1","Skewer+1"],"picked":"Sucker Punch+1","floor":19},{"not_picked":["Deadly Poison+1","Poisoned Stab+1","Accuracy"],"picked":"SKIP","floor":21},{"not_picked":["Backflip","Dodge and Roll+1","Dagger Spray+1"],"picked":"SKIP","floor":23},{"not_picked":["Deflect","Well Laid Plans"],"picked":"Escape Plan","floor":24},{"not_picked":["Heel Hook+1","Well Laid Plans"],"picked":"Setup","floor":25},{"not_picked":["Outmaneuver+1","PiercingWail"],"picked":"Heel Hook+1","floor":28},{"not_picked":["Underhanded Strike+1","Sucker Punch+1","Escape Plan"],"picked":"Singing Bowl","floor":30},{"not_picked":["Sucker Punch+1","Quick Slash+1","Cloak And Dagger+1"],"picked":"Singing Bowl","floor":31},{"not_picked":["Die Die Die+1","Storm of Steel"],"picked":"Bullet Time","floor":33},{"not_picked":[],"picked":"ICR:Vanish","floor":35},{"not_picked":["Deadly Poison"],"picked":"Singing Bowl","floor":36},{"not_picked":["Caltrops+1"],"picked":"Singing Bowl","floor":37},{"not_picked":["Quick Slash+1"],"picked":"Singing Bowl","floor":39},{"not_picked":["Wraith Form v2"],"picked":"Singing Bowl","floor":42},{"not_picked":["Flying Knee+1"],"picked":"Singing Bowl","floor":45},{"not_picked":[],"picked":"Acrobatics+1","floor":46},{"not_picked":["Slice+1"],"picked":"Singing Bowl","floor":48}],"player_experience":1100021,"relics_obtained":[{"floor":6,"key":"Paper Crane"},{"floor":8,"key":"Molten Egg 2"},{"floor":9,"key":"White Beast Statue"},{"floor":23,"key":"Tingsha"},{"floor":23,"key":"Happy Flower"},{"floor":26,"key":"Blue Candle"},{"floor":30,"key":"Pocketwatch"},{"floor":30,"key":"Singing Bowl"},{"floor":42,"key":"Bottled Lightning"},{"floor":42,"key":"Du-Vu Doll"},{"floor":43,"key":"Mercury Hourglass"},{"floor":45,"key":"CaptainsWheel"},{"floor":48,"key":"Bag of Marbles"},{"floor":48,"key":"Lantern"}],"event_choices":[{"cards_removed":["ICR:VenomStrike"],"damage_healed":0,"gold_gain":0,"player_choice":"Offered Basic","damage_taken":0,"max_hp_gain":0,"max_hp_loss":0,"event_name":"Bonfire Elementals","floor":12,"gold_loss":0},{"damage_healed":0,"gold_gain":0,"player_choice":"Upgraded","damage_taken":0,"max_hp_gain":0,"max_hp_loss":0,"event_name":"Upgrade Shrine","floor":20,"gold_loss":0,"cards_upgraded":["Adrenaline"]},{"damage_healed":0,"gold_gain":0,"player_choice":"Fight","damage_taken":0,"max_hp_gain":0,"max_hp_loss":0,"event_name":"MindBloom","floor":45,"gold_loss":0},{"damage_healed":0,"gold_gain":0,"player_choice":"Max HP","damage_taken":0,"max_hp_gain":0,"max_hp_loss":4,"event_name":"Winding Halls","floor":47,"gold_loss":0}],"is_beta":false,"boss_relics":[{"not_picked":["WristBlade","Runic Dome"],"picked":"Black Star"},{"not_picked":["Coffee Dripper","HoveringKite"],"picked":"Busted Crown"}],"items_purged_floors":[22,29,38],"is_endless":false,"potions_floor_spawned":[1,2,8,10,14,16,18,19,21,23,24,25,28,30,31,33,35,36,37,39,42,45,46,48],"killed_by":"Time Eater","ascension_level":0}