{"gold_per_floor":[115,130,143,159,169,196,196,196],"floor_reached":8,"playtime":363,"items_purged":[],"score":90,"play_id":"d9972a32-24af-4eb3-848a-25b104c10d04","local_time":"20230121004744","is_ascension_mode":true,"campfire_choices":[{"data":"Neutralize","floor":7,"key":"SMITH"}],"neow_cost":"NONE","seed_source_timestamp":207880398058900,"circlet_count":0,"master_deck":["AscendersBane","Strike_G","Strike_G","Strike_G","Strike_G","Strike_G","Defend_G","Defend_G","Defend_G","Defend_G","Defend_G","Survivor","Neutralize+1","Deflect","Underhanded Strike","Heel Hook","Dagger Throw","Poisoned Stab","Heel Hook"],"relics":["Ring of the Snake","NeowsBlessing","Snake Skull"],"potions_floor_usage":[6,6,6],"damage_taken":[{"damage":0,"enemies":"Cultist","floor":1,"turns":1},{"damage":0,"enemies":"Jaw Worm","floor":2,"turns":1},{"damage":0,"enemies":"Small Slimes","floor":3,"turns":1},{"damage":4,"enemies":"2 Fungi Beasts","floor":4,"turns":4},{"damage":4,"enemies":"Looter","floor":5,"turns":4},{"damage":17,"enemies":"Gremlin Nob","floor":6,"turns":4},{"damage":38,"enemies":"3 Sentries","floor":8,"turns":7}],"seed_played":"6236900551704785210","potions_obtained":[{"floor":2,"key":"GamblersBrew"},{"floor":3,"key":"Swift Potion"},{"floor":4,"key":"EssenceOfSteel"}],"is_trial":false,"path_per_floor":["M","M","M","M","M","E","R","E"],"character_chosen":"THE_SILENT","items_purchased":[],"campfire_rested":0,"item_purchase_floors":[],"current_hp_per_floor":[63,63,63,59,55,38,38,0],"gold":196,"neow_bonus":"THREE_ENEMY_KILL","is_prod":false,"is_daily":false,"chose_seed":false,"campfire_upgraded":1,"win_rate":0,"timestamp":1674280064,"path_taken":["M","M","M","M","M","E","R","E"],"build_version":"2022-12-18","purchased_purges":0,"victory":false,"max_hp_per_floor":[70,70,70,70,70,70,70,70],"card_choices":[{"not_picked":["Underhanded Strike","Slice"],"picked":"Deflect","floor":1},{"not_picked":["Outmaneuver","Dagger Spray"],"picked":"Underhanded Strike","floor":2},{"not_picked":["Deflect","Distraction"],"picked":"Heel Hook","floor":3},{"not_picked":["Deflect","Outmaneuver"],"picked":"Dagger Throw","floor":4},{"not_picked":["Setup","Flechettes"],"picked":"Poisoned Stab","floor":5},{"not_picked":["Outmaneuver","Slice"],"picked":"Heel Hook","floor":6}],"player_experience":1127821,"relics_obtained":[{"floor":6,"key":"Snake Skull"}],"event_choices":[],"is_beta":false,"boss_relics":[],"items_purged_floors":[],"is_endless":false,"potions_floor_spawned":[2,3,4],"killed_by":"3 Sentries","ascension_level":10}