{"gold_per_floor":[116,116,116,126,28,53,67,96,96,116,62,73,73,87,87,160,160,173,153,153],"floor_reached":20,"playtime":997,"items_purged":[],"score":422,"play_id":"cb6b6144-23c2-4765-9e2c-b23c86d414ca","local_time":"20230125012754","is_ascension_mode":true,"campfire_choices":[{"data":"Backflip","floor":13,"key":"SMITH"},{"floor":15,"key":"REST"}],"neow_cost":"NONE","seed_source_timestamp":106563318294100,"circlet_count":0,"master_deck":["AscendersBane","Strike_G","Strike_G","Strike_G","Strike_G","Strike_G","Defend_G+1","Defend_G","Defend_G","Defend_G","Defend_G","Survivor+1","Neutralize","Dagger Throw","Backstab","Poisoned Stab","Finisher","Slice","Deflect","Acrobatics","Terror","PiercingWail","Backflip+1","Footwork","Glass Knife","Dagger Spray"],"relics":["Ring of the Snake","NeowsBlessing","War Paint","Turnip","Letter Opener","Runic Pyramid"],"potions_floor_usage":[8,8,10],"damage_taken":[{"damage":0,"enemies":"Jaw Worm","floor":1,"turns":1},{"damage":0,"enemies":"Small Slimes","floor":4,"turns":1},{"damage":0,"enemies":"Gremlin Nob","floor":6,"turns":1},{"damage":0,"enemies":"Cultist","floor":7,"turns":3},{"damage":6,"enemies":"Lagavulin","floor":8,"turns":4},{"damage":0,"enemies":"Large Slime","floor":10,"turns":4},{"damage":7,"enemies":"Blue Slaver","floor":12,"turns":3},{"damage":6,"enemies":"Looter","floor":14,"turns":3},{"damage":40,"enemies":"The Guardian","floor":16,"turns":15},{"damage":7,"enemies":"Shell Parasite","floor":18,"turns":8},{"damage":3,"enemies":"2 Thieves","floor":19,"turns":4},{"damage":56,"enemies":"Snecko","floor":20,"turns":6}],"seed_played":"2700971909544379890","potions_obtained":[{"floor":1,"key":"LiquidMemories"},{"floor":6,"key":"DistilledChaos"},{"floor":8,"key":"GamblersBrew"}],"is_trial":false,"path_per_floor":["M","?","?","M","$","E","M","E","T","M","$","M","R","M","R","B",null,"M","M","M"],"character_chosen":"THE_SILENT","items_purchased":["Poisoned Stab","Finisher","PiercingWail"],"campfire_rested":1,"item_purchase_floors":[5,5,11],"current_hp_per_floor":[59,59,50,50,50,50,50,44,44,44,44,37,37,31,50,10,52,45,42,0],"gold":153,"neow_bonus":"THREE_ENEMY_KILL","is_prod":false,"is_daily":false,"chose_seed":false,"campfire_upgraded":1,"win_rate":0,"timestamp":1674628074,"path_taken":["M","?","?","M","$","E","M","E","T","M","$","M","R","M","R","BOSS","M","M","M"],"build_version":"2022-12-18","purchased_purges":0,"victory":false,"max_hp_per_floor":[66,66,66,66,66,66,66,66,66,66,66,66,66,66,66,66,66,66,66,66],"card_choices":[{"not_picked":["Skewer","Deadly Poison"],"picked":"Dagger Throw","floor":1},{"not_picked":["Dodge and Roll","Accuracy"],"picked":"Backstab","floor":4},{"not_picked":["Cloak And Dagger","Choke"],"picked":"Slice","floor":6},{"not_picked":["Slice","Sucker Punch"],"picked":"Deflect","floor":7},{"not_picked":["Quick Slash","Doppelganger"],"picked":"Acrobatics","floor":8},{"not_picked":["Slice","Cloak And Dagger"],"picked":"Terror","floor":10},{"not_picked":["Quick Slash","Leg Sweep"],"picked":"Backflip","floor":12},{"not_picked":["Finisher","Deflect"],"picked":"Footwork","floor":14},{"not_picked":["Doppelganger","Corpse Explosion"],"picked":"Glass Knife","floor":16},{"not_picked":["Accuracy","Slice"],"picked":"Dagger Spray","floor":18},{"not_picked":["Endless Agony","PiercingWail","Blade Dance"],"picked":"SKIP","floor":19}],"player_experience":1155928,"relics_obtained":[{"floor":6,"key":"War Paint"},{"floor":8,"key":"Turnip"},{"floor":9,"key":"Letter Opener"}],"event_choices":[{"damage_healed":0,"gold_gain":0,"player_choice":"Ignored","damage_taken":0,"max_hp_gain":0,"max_hp_loss":0,"event_name":"Liars Game","floor":2,"gold_loss":0},{"damage_healed":0,"gold_gain":0,"player_choice":"Damaged","damage_taken":9,"max_hp_gain":0,"max_hp_loss":0,"event_name":"Wheel of Change","floor":3,"gold_loss":0}],"is_beta":false,"boss_relics":[{"not_picked":["Calling Bell","HoveringKite"],"picked":"Runic Pyramid"}],"items_purged_floors":[],"is_endless":false,"potions_floor_spawned":[1,6,7,8],"killed_by":"Snecko","ascension_level":20}