{"gold_per_floor":[112,122,54,66,79,79,94,94,94,110,185,218,218,250,250,355,355,365,365,365,365],"floor_reached":21,"playtime":1078,"items_purged":[],"score":434,"play_id":"ca261f8d-15e6-4c3b-8c00-c8995acae957","local_time":"20230121014316","is_ascension_mode":true,"campfire_choices":[{"floor":6,"key":"REST"},{"data":"Catalyst","floor":8,"key":"SMITH"},{"floor":13,"key":"REST"},{"floor":15,"key":"REST"}],"neow_cost":"NONE","seed_source_timestamp":210498015793000,"circlet_count":0,"master_deck":["AscendersBane","Strike_G","Strike_G","Strike_G","Strike_G","Strike_G","Defend_G","Defend_G","Defend_G","Defend_G","Defend_G","Survivor","Neutralize","Deadly Poison","Catalyst+1","Heel Hook","Dagger Spray","Leg Sweep","Dodge and Roll","Deadly Poison","Burst","Outmaneuver","Night Terror","Prepared+1","Envenom+1"],"relics":["Ring of the Snake","reliquary:RosewoodLute","HornCleat","reliquary:FishingReel","Frozen Egg 2","reliquary:ShortStraw","Nilry\u0027s Codex"],"potions_floor_usage":[4,16,16,21],"damage_taken":[{"damage":1,"enemies":"Cultist","floor":1,"turns":5},{"damage":0,"enemies":"2 Louse","floor":2,"turns":3},{"damage":1,"enemies":"Jaw Worm","floor":4,"turns":4},{"damage":40,"enemies":"Large Slime","floor":5,"turns":10},{"damage":0,"enemies":"Exordium Wildlife","floor":7,"turns":5},{"damage":0,"enemies":"2 Fungi Beasts","floor":10,"turns":4},{"damage":0,"enemies":"Gremlin Nob","floor":12,"turns":3},{"damage":20,"enemies":"3 Sentries","floor":14,"turns":13},{"damage":0,"enemies":"Hexaghost","floor":16,"turns":5},{"damage":33,"enemies":"Chosen","floor":18,"turns":6},{"damage":29,"enemies":"3 Byrds","floor":21,"turns":3}],"seed_played":"8888886380887352202","potions_obtained":[{"floor":1,"key":"DistilledChaos"},{"floor":2,"key":"SpeedPotion"},{"floor":10,"key":"Energy Potion"},{"floor":14,"key":"PowerPotion"},{"floor":18,"key":"AttackPotion"}],"is_trial":false,"path_per_floor":["M","M","?","M","M","R","M","R","T","M","?","E","R","E","R","B",null,"M","?","?","M"],"character_chosen":"THE_SILENT","items_purchased":[],"campfire_rested":3,"item_purchase_floors":[],"current_hp_per_floor":[62,62,62,61,21,42,42,42,42,42,31,31,52,32,53,53,66,33,33,17,0],"gold":365,"neow_bonus":"THREE_CARDS","is_prod":false,"is_daily":false,"chose_seed":false,"campfire_upgraded":1,"win_rate":0,"timestamp":1674283396,"path_taken":["M","M","?","M","?","R","M","R","T","M","?","E","R","E","R","BOSS","M","?","?","M"],"build_version":"2022-12-18","purchased_purges":0,"victory":false,"max_hp_per_floor":[70,70,70,70,70,70,70,70,70,70,70,70,70,70,70,70,70,70,70,70,70],"card_choices":[{"not_picked":["Prepared","Quick Slash"],"picked":"Deadly Poison","floor":0},{"not_picked":["Well Laid Plans","Caltrops"],"picked":"Catalyst","floor":1},{"not_picked":["Quick Slash","Deflect"],"picked":"Heel Hook","floor":2},{"not_picked":["Slice","Distraction"],"picked":"Dagger Spray","floor":4},{"not_picked":["Catalyst","Escape Plan"],"picked":"Leg Sweep","floor":5},{"not_picked":["Setup","Skewer"],"picked":"Dodge and Roll","floor":7},{"not_picked":["Blur","Slice"],"picked":"Deadly Poison","floor":10},{"not_picked":["Dodge and Roll","PiercingWail"],"picked":"Burst","floor":12},{"not_picked":["Grand Finale","Blade Dance"],"picked":"Outmaneuver","floor":14},{"not_picked":["Venomology","Wraith Form v2+1"],"picked":"Night Terror","floor":16},{"not_picked":["Expertise","Caltrops+1"],"picked":"Prepared+1","floor":18}],"player_experience":1130396,"relics_obtained":[{"floor":9,"key":"HornCleat"},{"floor":12,"key":"reliquary:FishingReel"},{"floor":14,"key":"Frozen Egg 2"},{"floor":20,"key":"Nilry\u0027s Codex"}],"event_choices":[{"damage_healed":0,"gold_gain":0,"player_choice":"Paid Gold","damage_taken":0,"relics_obtained":["reliquary:RosewoodLute"],"max_hp_gain":0,"max_hp_loss":0,"event_name":"WeMeetAgain","floor":3,"gold_loss":68},{"damage_healed":0,"gold_gain":75,"player_choice":"Gather Gold","damage_taken":11,"max_hp_gain":0,"max_hp_loss":0,"event_name":"World of Goop","floor":11,"gold_loss":0},{"cards_removed":["Prepared"],"damage_healed":0,"gold_gain":0,"player_choice":"Take \u0026 Give","damage_taken":0,"max_hp_gain":0,"max_hp_loss":0,"event_name":"betterNote:BetterNote","floor":19,"gold_loss":0,"cards_obtained":["Envenom"]},{"damage_healed":0,"gold_gain":0,"player_choice":"Obtained Book","damage_taken":16,"max_hp_gain":0,"max_hp_loss":0,"event_name":"Cursed Tome","floor":20,"gold_loss":0}],"is_beta":false,"boss_relics":[{"not_picked":["reliquary:Craggleroot","HoveringKite"],"picked":"reliquary:ShortStraw"}],"items_purged_floors":[],"is_endless":false,"potions_floor_spawned":[1,2,10,14,18],"killed_by":"3 Byrds","ascension_level":10}