{"gold_per_floor":[111,6,6,17,34,68,68,94,94,114,114,125,159,170,170,170],"floor_reached":16,"playtime":783,"items_purged":["Defend_G"],"score":244,"play_id":"14b52df9-59ea-47ee-99f5-ff4fdf25ea5b","local_time":"20230125015458","is_ascension_mode":true,"campfire_choices":[{"floor":7,"key":"REST"},{"floor":11,"key":"REST"},{"data":"Prepared","floor":15,"key":"SMITH"}],"neow_cost":"NONE","seed_source_timestamp":108403642669100,"circlet_count":0,"master_deck":["AscendersBane","Strike_G","Strike_G","Strike_G","Strike_G","Strike_G","Defend_G","Defend_G","Defend_G","Defend_G","Survivor","Neutralize","Leg Sweep","Prepared+1","Eviscerate","Dagger Spray","Backflip","Dagger Throw","Riddle With Holes","Dodge and Roll","Dodge and Roll"],"relics":["Ring of the Snake","StrikeDummy","Meat on the Bone","The Courier","Omamori"],"potions_floor_usage":[6,6,13,13,16,16],"damage_taken":[{"damage":6,"enemies":"Small Slimes","floor":1,"turns":4},{"damage":4,"enemies":"Jaw Worm","floor":4,"turns":5},{"damage":0,"enemies":"2 Louse","floor":5,"turns":3},{"damage":25,"enemies":"3 Sentries","floor":6,"turns":7},{"damage":32,"enemies":"Lagavulin","floor":8,"turns":8},{"damage":0,"enemies":"2 Fungi Beasts","floor":10,"turns":3},{"damage":13,"enemies":"3 Louse","floor":12,"turns":3},{"damage":7,"enemies":"3 Sentries","floor":13,"turns":7},{"damage":0,"enemies":"Large Slime","floor":14,"turns":4},{"damage":49,"enemies":"Slime Boss","floor":16,"turns":7}],"seed_played":"2268511974944380555","potions_obtained":[{"floor":1,"key":"Swift Potion"},{"floor":5,"key":"CunningPotion"},{"floor":8,"key":"Strength Potion"},{"floor":12,"key":"EntropicBrew"}],"is_trial":false,"path_per_floor":["M","$","?","M","M","E","R","E","T","M","R","M","E","M","R","B"],"character_chosen":"THE_SILENT","items_purchased":["Prepared"],"campfire_rested":2,"item_purchase_floors":[2],"current_hp_per_floor":[59,59,59,55,55,30,51,19,19,31,52,39,44,44,44,0],"gold":170,"neow_bonus":"TEN_PERCENT_HP_BONUS","is_prod":false,"is_daily":false,"chose_seed":false,"campfire_upgraded":1,"win_rate":0,"timestamp":1674629698,"path_taken":["M","$","?","M","M","E","R","E","T","M","R","M","E","M","R","BOSS"],"build_version":"2022-12-18","purchased_purges":1,"victory":false,"max_hp_per_floor":[72,72,72,72,72,72,72,72,72,72,72,72,72,72,72,72],"card_choices":[{"not_picked":["Cloak And Dagger","Deflect"],"picked":"Leg Sweep","floor":1},{"not_picked":["Setup","Prepared"],"picked":"Eviscerate","floor":4},{"not_picked":["Bouncing Flask","Deflect"],"picked":"Dagger Spray","floor":5},{"not_picked":["Dodge and Roll","Prepared"],"picked":"Backflip","floor":6},{"not_picked":["Doppelganger","Sucker Punch"],"picked":"Dagger Throw","floor":8},{"not_picked":["Flying Knee","Escape Plan"],"picked":"Riddle With Holes","floor":10},{"not_picked":["Outmaneuver","Bane"],"picked":"Dodge and Roll","floor":12},{"not_picked":["Deflect","Dodge and Roll","Dagger Spray"],"picked":"SKIP","floor":13},{"not_picked":["Finisher","Venomology"],"picked":"Dodge and Roll","floor":14}],"player_experience":1157666,"relics_obtained":[{"floor":6,"key":"StrikeDummy"},{"floor":8,"key":"Meat on the Bone"},{"floor":9,"key":"The Courier"},{"floor":13,"key":"Omamori"}],"event_choices":[{"damage_healed":0,"gold_gain":0,"player_choice":"Ignored","damage_taken":0,"max_hp_gain":0,"max_hp_loss":0,"event_name":"Liars Game","floor":3,"gold_loss":0}],"is_beta":false,"boss_relics":[],"items_purged_floors":[2],"is_endless":false,"potions_floor_spawned":[1,5,8,12],"killed_by":"Slime Boss","ascension_level":20}