{"gold_per_floor":[118,134,134,134,147,147,147,162,162,196,196,196],"floor_reached":12,"playtime":289,"items_purged":[],"score":156,"play_id":"d32fb6ee-d86e-4a38-96e0-a3c29506ab21","local_time":"20230125014141","is_ascension_mode":true,"campfire_choices":[{"data":"Well Laid Plans","floor":6.0,"key":"SMITH"}],"neow_cost":"NONE","seed_source_timestamp":108067579646400,"circlet_count":0,"master_deck":["AscendersBane","Strike_G","Strike_G","Strike_G","Strike_G","Defend_G","Defend_G","Defend_G","Defend_G","Defend_G","Survivor","Neutralize","Poisoned Stab","Eviscerate","Well Laid Plans+1","Concentrate","Poisoned Stab"],"special_seed":0,"relics":["Ring of the Snake","NeowsBlessing","Golden Idol","HornCleat","The Specimen","Mummified Hand"],"potions_floor_usage":[],"damage_taken":[{"damage":0.0,"enemies":"2 Louse","floor":1.0,"turns":1.0},{"damage":0.0,"enemies":"Jaw Worm","floor":2.0,"turns":1.0},{"damage":0.0,"enemies":"Small Slimes","floor":5.0,"turns":1.0},{"damage":14.0,"enemies":"Exordium Wildlife","floor":8.0,"turns":4.0},{"damage":41.0,"enemies":"Gremlin Nob","floor":10.0,"turns":6.0},{"damage":4,"enemies":"Blue Slaver","floor":12,"turns":3}],"seed_played":"7540888951568302645","potions_obtained":[{"floor":8.0,"key":"Weak Potion"}],"is_trial":false,"path_per_floor":["M","M","?","?","M","R","?","M","T","E","T","M"],"character_chosen":"THE_SILENT","items_purchased":[],"campfire_rested":0,"item_purchase_floors":[],"current_hp_per_floor":[59,59,52,57,57,57,57,43,43,2,2,0],"gold":196,"neow_bonus":"THREE_ENEMY_KILL","is_prod":false,"is_daily":false,"chose_seed":false,"campfire_upgraded":1,"win_rate":0,"timestamp":1674628901,"path_taken":["M","M","?","?","M","R","?","?","T","E","?","M"],"build_version":"2022-12-18","purchased_purges":0,"victory":false,"max_hp_per_floor":[66,66,66,71,71,71,64,64,64,64,64,64],"card_choices":[{"not_picked":["Slice","Riddle With Holes"],"picked":"Poisoned Stab","floor":1.0},{"not_picked":["Outmaneuver","Blade Dance"],"picked":"Eviscerate","floor":2.0},{"not_picked":["Infinite Blades","Dodge and Roll"],"picked":"Well Laid Plans","floor":5.0},{"not_picked":["Bullet Time","Dash"],"picked":"Concentrate","floor":8.0},{"not_picked":["Caltrops","Catalyst"],"picked":"Poisoned Stab","floor":10.0}],"player_experience":1157377,"relics_obtained":[{"floor":9.0,"key":"HornCleat"},{"floor":10.0,"key":"The Specimen"},{"floor":11.0,"key":"Mummified Hand"}],"event_choices":[{"cards_removed":["Strike_G"],"damage_healed":0.0,"max_hp_gain":0.0,"max_hp_loss":0.0,"gold_gain":0.0,"event_name":"Golden Wing","player_choice":"Card Removal","floor":3.0,"gold_loss":0.0,"damage_taken":7.0},{"damage_healed":0.0,"max_hp_gain":5.0,"max_hp_loss":0.0,"gold_gain":0.0,"event_name":"Big Fish","player_choice":"Donut","floor":4.0,"gold_loss":0.0,"damage_taken":0.0},{"damage_healed":0.0,"max_hp_gain":0.0,"max_hp_loss":7.0,"gold_gain":0.0,"event_name":"Golden Idol","player_choice":"Lose Max HP","floor":7.0,"gold_loss":0.0,"damage_taken":0.0,"relics_obtained":["Golden Idol"]}],"is_beta":false,"boss_relics":[],"items_purged_floors":[],"is_endless":false,"potions_floor_spawned":[8],"killed_by":"Blue Slaver","ascension_level":20}