{"gold_per_floor":[116,69,69,82,95,95,107,134,134,134,148,118,118,118],"floor_reached":14,"playtime":632,"items_purged":[],"score":135,"play_id":"383378a0-1d09-408e-99b5-5e776ed12836","local_time":"20230119190154","is_ascension_mode":true,"campfire_choices":[{"data":"Caltrops","floor":6.0,"key":"SMITH"},{"floor":13,"key":"REST"}],"neow_cost":"PERCENT_DAMAGE","seed_source_timestamp":0,"circlet_count":0,"master_deck":["AscendersBane","Strike_G","Strike_G","Strike_G","Strike_G","Defend_G","Defend_G","Defend_G","Defend_G","Survivor","Neutralize","Blade Dance","Acrobatics","Corpse Explosion","Caltrops+1","PiercingWail","Tactician","Blur","Cloak And Dagger"],"special_seed":0,"relics":["Ring of the Snake","Turnip","reliquary:IridiumChain","reliquary:LeadDart"],"potions_floor_usage":[8,11],"damage_taken":[{"damage":5.0,"enemies":"Small Slimes","floor":1.0,"turns":4.0},{"damage":4.0,"enemies":"2 Louse","floor":4.0,"turns":2.0},{"damage":10.0,"enemies":"Cultist","floor":5.0,"turns":5.0},{"damage":12.0,"enemies":"3 Louse","floor":7.0,"turns":2.0},{"damage":7,"enemies":"3 Sentries","floor":8,"turns":3},{"damage":2,"enemies":"Red Slaver","floor":11,"turns":3},{"damage":0,"enemies":"Looter","floor":12,"turns":4},{"damage":47,"enemies":"Gremlin Nob","floor":14,"turns":4}],"seed_played":"7181009070951260641","potions_obtained":[{"floor":7.0,"key":"BlessingOfTheForge"},{"floor":8,"key":"Swift Potion"}],"is_trial":false,"path_per_floor":["M","$","?","M","M","R","M","E","T","?","M","M","R","E"],"character_chosen":"THE_SILENT","items_purchased":["Acrobatics"],"campfire_rested":1,"item_purchase_floors":[2],"current_hp_per_floor":[40,40,40,36,26,26,14,7,7,7,5,5,26,0],"gold":118,"neow_bonus":"ONE_RARE_RELIC","is_prod":false,"is_daily":false,"chose_seed":false,"campfire_upgraded":1,"win_rate":0,"timestamp":1674172914,"path_taken":["M","$","?","M","M","R","M","E","T","?","M","?","R","E"],"build_version":"2022-12-18","purchased_purges":0,"victory":false,"max_hp_per_floor":[70,70,70,70,70,70,70,70,70,70,70,70,70,70],"card_choices":[{"not_picked":["Blur","Outmaneuver"],"picked":"Blade Dance","floor":1.0},{"not_picked":["Flying Knee","Heel Hook"],"picked":"Caltrops","floor":4.0},{"not_picked":["Choke","Outmaneuver"],"picked":"PiercingWail","floor":5.0},{"not_picked":["Expertise","Bane"],"picked":"Tactician","floor":7.0},{"not_picked":["Acrobatics","Sucker Punch"],"picked":"Blur","floor":8},{"not_picked":["Blade Dance","Dagger Spray"],"picked":"Cloak And Dagger","floor":11},{"not_picked":["Predator","Underhanded Strike","Flechettes"],"picked":"SKIP","floor":12}],"player_experience":1121841,"relics_obtained":[{"floor":8,"key":"reliquary:IridiumChain"},{"floor":9,"key":"reliquary:LeadDart"}],"event_choices":[{"damage_healed":0.0,"max_hp_gain":0.0,"max_hp_loss":0.0,"gold_gain":0.0,"cards_transformed":["Defend_G"],"event_name":"Living Wall","player_choice":"Change","floor":3.0,"gold_loss":0.0,"damage_taken":0.0,"cards_obtained":["Corpse Explosion"]},{"cards_removed":["Strike_G"],"damage_healed":0,"gold_gain":0,"player_choice":"Card Removal","damage_taken":0,"max_hp_gain":0,"max_hp_loss":0,"event_name":"Wheel of Change","floor":10,"gold_loss":0}],"is_beta":false,"boss_relics":[],"items_purged_floors":[],"is_endless":false,"potions_floor_spawned":[7,8],"killed_by":"Gremlin Nob","ascension_level":10}