{"gold_per_floor":[114,127,144,144,144,176,176,188,188,39,59,59],"floor_reached":12,"playtime":458,"items_purged":[],"score":160,"play_id":"1fdec74b-a96e-40e6-8143-80b74b2a151f","local_time":"20230125010333","is_ascension_mode":true,"campfire_choices":[{"floor":7,"key":"REST"}],"neow_cost":"NONE","seed_source_timestamp":105645976056200,"circlet_count":0,"master_deck":["AscendersBane","Strike_G","Strike_G","Strike_G","Strike_G","Defend_G","Defend_G","Defend_G","Defend_G","Survivor","Neutralize","Noxious Fumes","Catalyst","Deadly Poison","Unload","Swift Strike","Flying Knee","Calculated Gamble"],"relics":["Ring of the Snake","NeowsBlessing","Du-Vu Doll","Ginger"],"potions_floor_usage":[6,12],"damage_taken":[{"damage":0,"enemies":"Small Slimes","floor":1,"turns":1},{"damage":0,"enemies":"2 Louse","floor":2,"turns":1},{"damage":0,"enemies":"Cultist","floor":3,"turns":1},{"damage":39,"enemies":"3 Sentries","floor":6,"turns":11},{"damage":7,"enemies":"3 Louse","floor":8,"turns":4},{"damage":8,"enemies":"2 Fungi Beasts","floor":11,"turns":3},{"damage":29,"enemies":"Gremlin Nob","floor":12,"turns":3}],"seed_played":"2893878984961062914","potions_obtained":[{"floor":1,"key":"GhostInAJar"},{"floor":11,"key":"PowerPotion"}],"is_trial":false,"path_per_floor":["M","M","M","?","?","E","R","M","T","$","M","E"],"character_chosen":"THE_SILENT","items_purchased":["Swift Strike","Flying Knee"],"campfire_rested":1,"item_purchase_floors":[10,10],"current_hp_per_floor":[59,59,59,52,52,13,32,25,25,25,17,0],"gold":59,"neow_bonus":"THREE_ENEMY_KILL","is_prod":false,"is_daily":false,"chose_seed":false,"campfire_upgraded":0,"win_rate":0,"timestamp":1674626613,"path_taken":["M","M","M","?","?","E","R","M","T","$","?","E"],"build_version":"2022-12-18","purchased_purges":0,"victory":false,"max_hp_per_floor":[66,66,66,66,66,66,66,66,66,66,66,66],"card_choices":[{"not_picked":["Finisher","Flying Knee"],"picked":"Noxious Fumes","floor":1},{"not_picked":["Backflip","Dodge and Roll"],"picked":"Catalyst","floor":2},{"not_picked":["Blade Dance","Footwork"],"picked":"Deadly Poison","floor":3},{"not_picked":["Acrobatics","Backstab"],"picked":"Unload","floor":6},{"not_picked":["Slice","Dagger Spray","Outmaneuver"],"picked":"SKIP","floor":8},{"not_picked":["Dodge and Roll","Setup"],"picked":"Calculated Gamble","floor":11}],"player_experience":1155050,"relics_obtained":[{"floor":6,"key":"Du-Vu Doll"},{"floor":9,"key":"Ginger"}],"event_choices":[{"cards_removed":["Strike_G"],"damage_healed":0,"gold_gain":0,"player_choice":"Card Removal","damage_taken":7,"max_hp_gain":0,"max_hp_loss":0,"event_name":"Golden Wing","floor":4,"gold_loss":0},{"cards_removed":["Defend_G"],"damage_healed":0,"gold_gain":0,"player_choice":"Purged","damage_taken":0,"max_hp_gain":0,"max_hp_loss":0,"event_name":"Purifier","floor":5,"gold_loss":0}],"is_beta":false,"boss_relics":[],"items_purged_floors":[],"is_endless":false,"potions_floor_spawned":[1,11],"killed_by":"Gremlin Nob","ascension_level":20}