{"gold_per_floor":[117,135,148,148,161,161,21,21,47,47,67,101,117,151,151,230,230,249,249,268,17,17],"floor_reached":22,"playtime":1167,"items_purged":["Strike_G"],"score":492,"play_id":"3c96996f-106b-41d6-9c7e-398940eb96f6","local_time":"20230123110752","is_ascension_mode":true,"campfire_choices":[{"floor":6,"key":"REST"},{"floor":10,"key":"REST"},{"floor":15,"key":"REST"}],"neow_cost":"NONE","seed_source_timestamp":417085409299500,"circlet_count":0,"master_deck":["AscendersBane","Strike_G","Strike_G","Strike_G","Defend_G","Defend_G+1","Defend_G","Survivor","Neutralize","Finisher","Acrobatics","Footwork+1","Glass Knife","Noxious Fumes","Deflect","Setup","Blade Dance","Backflip","Slice","Wraith Form v2","Backflip+1","Well Laid Plans","Endless Agony","Swift Strike"],"relics":["Ring of the Snake","Toy Ornithopter","Bag of Preparation","Meat on the Bone","Empty Cage"],"potions_floor_usage":[12,12,16,16,18,20,22],"damage_taken":[{"damage":6,"enemies":"Jaw Worm","floor":1,"turns":6},{"damage":12,"enemies":"Small Slimes","floor":2,"turns":3},{"damage":2,"enemies":"Cultist","floor":3,"turns":4},{"damage":11,"enemies":"Blue Slaver","floor":5,"turns":8},{"damage":0,"enemies":"2 Fungi Beasts","floor":11,"turns":5},{"damage":29,"enemies":"Gremlin Nob","floor":12,"turns":5},{"damage":3,"enemies":"Exordium Wildlife","floor":13,"turns":3},{"damage":3,"enemies":"Lagavulin","floor":14,"turns":7},{"damage":0,"enemies":"The Guardian","floor":16,"turns":12},{"damage":21,"enemies":"Chosen","floor":18,"turns":8},{"damage":15,"enemies":"Spheric Guardian","floor":20,"turns":8},{"damage":58,"enemies":"Snecko","floor":22,"turns":6}],"seed_played":"-2143783664213866077","potions_obtained":[{"floor":1,"key":"PowerPotion"},{"floor":3,"key":"Weak Potion"},{"floor":13,"key":"Fire Potion"},{"floor":14,"key":"GamblersBrew"},{"floor":16,"key":"Regen Potion"},{"floor":18,"key":"DuplicationPotion"},{"floor":20,"key":"Block Potion"}],"is_trial":false,"path_per_floor":["M","M","M","?","M","R","$","?","T","R","M","E","M","E","R","B",null,"M","?","M","$","M"],"character_chosen":"THE_SILENT","items_purchased":["Noxious Fumes","Deflect","Endless Agony","Swift Strike"],"campfire_rested":3,"item_purchase_floors":[7,7,21,21],"current_hp_per_floor":[59,47,45,23,12,33,33,33,33,54,54,35,32,29,50,60,69,67,47,49,49,0],"gold":17,"neow_bonus":"TEN_PERCENT_HP_BONUS","is_prod":false,"is_daily":false,"chose_seed":false,"campfire_upgraded":0,"win_rate":0,"timestamp":1674490072,"path_taken":["M","M","M","?","M","R","$","?","T","R","?","E","M","E","R","BOSS","M","?","M","$","M"],"build_version":"2022-12-18","purchased_purges":1,"victory":false,"max_hp_per_floor":[72,72,72,72,72,72,72,72,72,72,72,72,72,72,72,72,72,72,77,77,77,77],"card_choices":[{"not_picked":["Flechettes","PiercingWail"],"picked":"Finisher","floor":1},{"not_picked":["Dagger Spray","Bane"],"picked":"Acrobatics","floor":2},{"not_picked":["Dodge and Roll","Heel Hook"],"picked":"Footwork","floor":3},{"not_picked":["Cloak And Dagger","Expertise"],"picked":"Glass Knife","floor":5},{"not_picked":["Bane","Predator"],"picked":"Setup","floor":11},{"not_picked":["Deadly Poison","Bane"],"picked":"Blade Dance","floor":12},{"not_picked":["Dodge and Roll","Well Laid Plans"],"picked":"Backflip","floor":13},{"not_picked":["Flying Knee","Prepared"],"picked":"Slice","floor":14},{"not_picked":["Phantasmal Killer","Bullet Time"],"picked":"Wraith Form v2","floor":16},{"not_picked":["Deflect","Dagger Spray"],"picked":"Backflip+1","floor":18},{"not_picked":["Dash","Prepared"],"picked":"Well Laid Plans","floor":20}],"player_experience":1154242,"relics_obtained":[{"floor":9,"key":"Toy Ornithopter"},{"floor":12,"key":"Bag of Preparation"},{"floor":14,"key":"Meat on the Bone"}],"event_choices":[{"damage_healed":0,"gold_gain":0,"player_choice":"Entered Light","damage_taken":22,"max_hp_gain":0,"max_hp_loss":0,"event_name":"Shining Light","floor":4,"gold_loss":0,"cards_upgraded":["Defend_G","Footwork"]},{"cards_removed":["Defend_G"],"damage_healed":0,"gold_gain":0,"player_choice":"Purged","damage_taken":0,"max_hp_gain":0,"max_hp_loss":0,"event_name":"Purifier","floor":8,"gold_loss":0},{"damage_healed":0,"gold_gain":0,"player_choice":"Shed Blood","damage_taken":25,"max_hp_gain":5,"max_hp_loss":0,"event_name":"Forgotten Altar","floor":19,"gold_loss":0}],"is_beta":false,"boss_relics":[{"not_picked":["Calling Bell","SacredBark"],"picked":"Empty Cage"}],"items_purged_floors":[21],"is_endless":false,"potions_floor_spawned":[1,3,13,14,16,18,20],"killed_by":"Snecko","ascension_level":20}