{"gold_per_floor":[109,5,5,5,5,5,39,39,93,124,151,151,151,161,161,161],"floor_reached":16,"playtime":405,"items_purged":["Strike_G"],"score":328,"play_id":"f4873a8a-7e3b-42f0-930e-383459a7a7b6","local_time":"20230206201134","is_ascension_mode":true,"campfire_choices":[{"data":"Neutralize","floor":6,"key":"SMITH"},{"data":"Backflip","floor":8,"key":"SMITH"},{"data":"Cloak And Dagger","floor":12,"key":"SMITH"},{"floor":15,"key":"REST"}],"neow_cost":"NONE","seed_source_timestamp":58403016830800,"circlet_count":0,"master_deck":["AscendersBane","Strike_G","Strike_G","Strike_G","Strike_G","Defend_G","Defend_G+1","Defend_G+1","Defend_G","Defend_G+1","Survivor+1","Neutralize+1","Backstab","Backflip+1","Dagger Spray","Well Laid Plans","Cloak And Dagger+1","Blade Dance"],"relics":["Ring of the Snake","NeowsBlessing","WingedGreaves","War Paint","Ninja Scroll","Tiny Chest"],"potions_floor_usage":[11,16],"damage_taken":[{"damage":0,"enemies":"Small Slimes","floor":1,"turns":1},{"damage":0,"enemies":"Gremlin Nob","floor":7,"turns":1},{"damage":0,"enemies":"3 Sentries","floor":10,"turns":1},{"damage":21,"enemies":"Gremlin Nob","floor":11,"turns":4},{"damage":1,"enemies":"Jaw Worm","floor":14,"turns":2},{"damage":55,"enemies":"Hexaghost","floor":16,"turns":12}],"seed_played":"-5397700022478416513","potions_obtained":[{"floor":1,"key":"Regen Potion"},{"floor":14,"key":"AttackPotion"}],"is_trial":false,"path_per_floor":["M","$","?","$","?","R","E","R","T","E","E","R","?","M","R","B"],"character_chosen":"THE_SILENT","items_purchased":["Backflip"],"campfire_rested":1,"item_purchase_floors":[2],"current_hp_per_floor":[59,59,66,66,46,46,46,46,46,46,34,34,34,33,52,0],"gold":161,"neow_bonus":"THREE_ENEMY_KILL","is_prod":false,"is_daily":false,"chose_seed":false,"campfire_upgraded":3,"win_rate":0,"timestamp":1675732294,"path_taken":["M","$","?","$","?","R","E","R","T","E","E","R","?","M","R","BOSS"],"build_version":"2022-12-18","purchased_purges":1,"victory":false,"max_hp_per_floor":[66,66,66,66,66,66,66,66,66,66,66,66,66,66,66,66],"card_choices":[{"not_picked":["Bane","Slice"],"picked":"Backstab","floor":1},{"not_picked":["Prepared","Blur"],"picked":"Dagger Spray","floor":7},{"not_picked":["Flying Knee","Deflect"],"picked":"Well Laid Plans","floor":10},{"not_picked":["Prepared","Doppelganger"],"picked":"Cloak And Dagger","floor":11},{"not_picked":["Flechettes","Dash"],"picked":"Blade Dance","floor":14}],"player_experience":1263187,"relics_obtained":[{"floor":7,"key":"WingedGreaves"},{"floor":9,"key":"War Paint"},{"floor":10,"key":"Ninja Scroll"},{"floor":11,"key":"Tiny Chest"}],"event_choices":[{"damage_healed":22,"gold_gain":0,"player_choice":"Banana","damage_taken":0,"max_hp_gain":0,"max_hp_loss":0,"event_name":"Big Fish","floor":3,"gold_loss":0},{"damage_healed":0,"gold_gain":0,"player_choice":"Entered Light","damage_taken":20,"max_hp_gain":0,"max_hp_loss":0,"event_name":"Shining Light","floor":5,"gold_loss":0,"cards_upgraded":["Defend_G","Defend_G"]},{"damage_healed":0,"gold_gain":0,"player_choice":"Ignored","damage_taken":0,"max_hp_gain":0,"max_hp_loss":0,"event_name":"Golden Idol","floor":13,"gold_loss":0}],"is_beta":false,"boss_relics":[],"items_purged_floors":[2],"is_endless":false,"potions_floor_spawned":[1,14],"killed_by":"Hexaghost","ascension_level":20}