{"gold_per_floor":[112,11,11,22,22,56,69,69,96,121,121,135,149,164,164,260,260,276,161,181,26,40,75,75,75,75,103,113,145,244,256,256,256],"floor_reached":33,"playtime":2374,"items_purged":["Strike_G"],"score":417,"play_id":"91d07af9-2c64-4dca-99bf-ffad864bf8f6","local_time":"20230130201557","is_ascension_mode":false,"campfire_choices":[{"data":"Calculated Gamble","floor":8.0,"key":"SMITH"},{"floor":11.0,"key":"REST"},{"floor":15.0,"key":"REST"},{"data":"bad_silent:Jump","floor":25,"key":"SMITH"},{"floor":32,"key":"REST"}],"neow_cost":"NONE","seed_source_timestamp":495571183273400,"circlet_count":0,"master_deck":["Defend_G","Defend_G","Survivor","Neutralize","bad_silent:Jump","bad_silent:AdhesiveBandage","Tools of the Trade","bad_silent:Swiftness","bad_silent:Venomologist","Well Laid Plans","Poisoned Stab","Calculated Gamble+1","Acrobatics","bad_spire:deadweight","Dagger Throw","Finesse","bad_spire:tickbox","bad_silent:Trace+1","bad_silent:Needle+1","Poisoned Stab+1","bad_silent:MindGames","Backflip","bad_silent:Jump+1","bad_silent:Jump","PanicButton","Bane","Acrobatics","bad_silent:Swiftness","bad_silent:Blink","PiercingWail+1"],"special_seed":0,"relics":["Ring of the Snake","Pen Nib","Oddly Smooth Stone","Du-Vu Doll","Astrolabe","DollysMirror","Prayer Wheel","Bottled Lightning","Shuriken","Darkstone Periapt"],"potions_floor_usage":[23,29],"damage_taken":[{"damage":2.0,"enemies":"Small Slimes","floor":1.0,"turns":7.0},{"damage":0.0,"enemies":"Cultist","floor":4.0,"turns":4.0},{"damage":31.0,"enemies":"Lagavulin","floor":6.0,"turns":6.0},{"damage":7.0,"enemies":"2 Louse","floor":7.0,"turns":2.0},{"damage":12.0,"enemies":"Gremlin Nob","floor":10.0,"turns":3.0},{"damage":8.0,"enemies":"Red Slaver","floor":12.0,"turns":3.0},{"damage":17.0,"enemies":"3 Louse","floor":13.0,"turns":3.0},{"damage":5.0,"enemies":"Large Slime","floor":14.0,"turns":5.0},{"damage":0.0,"enemies":"The Guardian","floor":16.0,"turns":8.0},{"damage":0.0,"enemies":"Shell Parasite","floor":18.0,"turns":2.0},{"damage":5.0,"enemies":"3 Byrds","floor":20.0,"turns":4.0},{"damage":14.0,"enemies":"Centurion and Healer","floor":22.0,"turns":5.0},{"damage":26,"enemies":"Slavers","floor":23,"turns":6},{"damage":12,"enemies":"Gremlin Leader","floor":27,"turns":4},{"damage":0,"enemies":"Snake Plant","floor":28,"turns":2},{"damage":0,"enemies":"Book of Stabbing","floor":29,"turns":3},{"damage":1,"enemies":"Cultist and Chosen","floor":31,"turns":4},{"damage":40,"enemies":"Collector","floor":33,"turns":6}],"seed_played":"-6349550290403733567","potions_obtained":[{"floor":6.0,"key":"Weak Potion"},{"floor":13.0,"key":"Ancient Potion"},{"floor":14.0,"key":"bad_spire:modern"},{"floor":16.0,"key":"FearPotion"},{"floor":23,"key":"SmokeBomb"},{"floor":29,"key":"FearPotion"}],"is_trial":false,"path_per_floor":["M","$","?","M","$","E","M","R","T","E","R","M","M","M","R","B",null,"M","$","M","$","M","E","$","R","T","E","M","E","?","M","R","B"],"character_chosen":"THE_SILENT","items_purchased":["bad_silent:Venomologist","Well Laid Plans","bad_silent:MindGames","DollysMirror"],"campfire_rested":3,"item_purchase_floors":[2,2,19,21],"current_hp_per_floor":[68,68,68,68,68,37,30,30,30,18,39,31,14,9,30,30,70,70,70,65,65,51,25,25,25,25,13,13,13,13,12,33,0],"gold":256,"neow_bonus":"ONE_RANDOM_RARE_CARD","is_prod":false,"is_daily":false,"chose_seed":false,"campfire_upgraded":2,"win_rate":0,"timestamp":1675127757,"path_taken":["M","$","?","M","?","E","M","R","T","E","R","M","M","M","R","BOSS","M","$","M","$","?","E","?","R","T","E","M","E","?","M","R","BOSS"],"build_version":"2022-12-18","purchased_purges":1,"victory":false,"max_hp_per_floor":[70,70,70,70,70,70,70,70,70,70,70,70,70,70,70,70,70,70,70,70,70,70,70,70,70,70,70,70,70,70,70,70,70],"card_choices":[{"not_picked":["bad_silent:Trace","Cloak And Dagger"],"picked":"bad_silent:Swiftness","floor":1.0},{"not_picked":["Flying Knee","PiercingWail"],"picked":"Poisoned Stab","floor":4.0},{"not_picked":["bad_spire:touch","Mayhem","Metamorphosis"],"picked":"SKIP","floor":4.0},{"not_picked":["Tactician","bad_silent:MindGames"],"picked":"Calculated Gamble","floor":6.0},{"not_picked":["Sucker Punch","Masterful Stab","Slice"],"picked":"SKIP","floor":7.0},{"not_picked":["Distraction","Outmaneuver"],"picked":"Acrobatics","floor":10.0},{"not_picked":["bad_spire:fish_game","bad_spire:touch"],"picked":"bad_spire:deadweight","floor":10.0},{"not_picked":["Setup","Backflip"],"picked":"Dagger Throw","floor":12.0},{"not_picked":["bad_spire:acid","bad_spire:light"],"picked":"Finesse","floor":13.0},{"not_picked":["bad_silent:Sleight","Accuracy","Blade Dance"],"picked":"SKIP","floor":13.0},{"not_picked":["bad_spire:momentum","Metamorphosis"],"picked":"bad_spire:tickbox","floor":14.0},{"not_picked":["Deadly Poison","bad_silent:Mark","Terror"],"picked":"SKIP","floor":14.0},{"not_picked":["Deadly Poison","bad_silent:Mark","bad_silent:Trace"],"picked":"SKIP","floor":18.0},{"not_picked":["Leg Sweep","bad_silent:Trace"],"picked":"Backflip","floor":20.0},{"not_picked":["Finisher","Sucker Punch"],"picked":"bad_silent:Jump","floor":22.0},{"not_picked":["bad_spire:chance","bad_spire:king"],"picked":"PanicButton","floor":22.0},{"not_picked":["bad_silent:Recall+1","bad_silent:Trace"],"picked":"Bane","floor":23},{"not_picked":["PanicButton","Swift Strike","bad_spire:back"],"picked":"SKIP","floor":23},{"not_picked":["Underhanded Strike","Tools of the Trade","Quick Slash"],"picked":"SKIP","floor":27},{"not_picked":["Mind Blast","bad_spire:conjure","Jack Of All Trades"],"picked":"SKIP","floor":27},{"not_picked":["bad_silent:Mark","bad_silent:AdhesiveBandage"],"picked":"Acrobatics","floor":28},{"not_picked":["bad_silent:Swiftness","Deadly Poison+1","Slice"],"picked":"SKIP","floor":28},{"not_picked":["Deadly Poison+1","Slice"],"picked":"bad_silent:Swiftness","floor":28},{"not_picked":["Choke","Caltrops+1","bad_silent:Roll+1"],"picked":"SKIP","floor":29},{"not_picked":["Mind Blast","bad_spire:light","bad_spire:touch"],"picked":"SKIP","floor":29},{"not_picked":["Blade Dance","PiercingWail"],"picked":"bad_silent:Blink","floor":31},{"not_picked":["Deflect","bad_silent:Mark"],"picked":"PiercingWail+1","floor":31},{"not_picked":["Good Instincts","bad_spire:mirror","bad_spire:king"],"picked":"SKIP","floor":31}],"player_experience":1209682,"relics_obtained":[{"floor":6.0,"key":"Pen Nib"},{"floor":9.0,"key":"Oddly Smooth Stone"},{"floor":10.0,"key":"Du-Vu Doll"},{"floor":23,"key":"Prayer Wheel"},{"floor":26,"key":"Bottled Lightning"},{"floor":27,"key":"Shuriken"},{"floor":29,"key":"Darkstone Periapt"}],"event_choices":[{"damage_healed":0.0,"max_hp_gain":0.0,"max_hp_loss":0.0,"gold_gain":0.0,"event_name":"betterNote:BetterNote","player_choice":"Ignored","floor":3.0,"gold_loss":0.0,"damage_taken":0.0,"cards_obtained":["Tempest"]},{"damage_healed":0,"gold_gain":99,"player_choice":"Stole From Cult","damage_taken":0,"max_hp_gain":0,"max_hp_loss":0,"event_name":"Nest","floor":30,"gold_loss":0}],"is_beta":false,"boss_relics":[{"not_picked":["Sozu","Cursed Key"],"picked":"Astrolabe"}],"items_purged_floors":[19],"is_endless":false,"potions_floor_spawned":[6,13,14,16,18,20,23,29],"killed_by":"Collector","ascension_level":0}