{"gold_per_floor":[110,110,1,1,1,29,43,43,116,116,116,132,132,179,179,277,277,296,296,328,35,35,35,61,61,61,78,90,106,106,106,106,203,203,214,214,230,280,328,328,354,379,448,462,482,482,704,730,730,730,730,730,127,153,153],"floor_reached":56,"playtime":3268,"items_purged":["Defend_G","Strike_G"],"score":1242,"play_id":"23e01ae1-1e8c-401f-9231-673b4ede06c3","local_time":"20230204011602","is_ascension_mode":false,"campfire_choices":[{"data":"Accuracy","floor":11,"key":"SMITH"},{"data":"Accuracy","floor":13,"key":"SMITH"},{"floor":15,"key":"REST"},{"data":"Cloak And Dagger","floor":23,"key":"SMITH"},{"floor":25,"key":"REST"},{"data":"Cloak And Dagger","floor":30,"key":"SMITH"},{"floor":32,"key":"REST"},{"data":"Accuracy","floor":40,"key":"SMITH"},{"floor":49,"key":"RECALL"},{"data":"Calculated Gamble","floor":52,"key":"SMITH"}],"neow_cost":"PERCENT_DAMAGE","seed_source_timestamp":92026750323100,"circlet_count":0,"master_deck":["Strike_G+1","Strike_G+1","Strike_G","Defend_G","Defend_G+1","Defend_G","Survivor","Neutralize","Calculated Gamble","Noxious Fumes+1","All Out Attack","Accuracy+1","Acrobatics","Accuracy+1","Corpse Explosion+1","CurseOfTheBell","Deflect+1","Footwork","Cloak And Dagger+1","Cloak And Dagger+1","Master of Strategy","Adrenaline","Well Laid Plans+1","Calculated Gamble+1","Leg Sweep","Cloak And Dagger+1","PiercingWail","Unload","Footwork+1","Caltrops+1","Accuracy+1","After Image","PiercingWail+1"],"relics":["Ring of the Snake","Torii","Ninja Scroll","Bird Faced Urn","Blue Candle","Whetstone","Calling Bell","War Paint","Pear","Tingsha","Red Mask","Dream Catcher","Shuriken","SlaversCollar","Incense Burner","Tough Bandages","Toy Ornithopter","Smiling Mask","Happy Flower","Ornamental Fan","Membership Card","Paper Crane"],"potions_floor_usage":[6,12,12,16,18,24,28,28,33,39,45,50,50,54,54,55,55],"damage_taken":[{"damage":0,"enemies":"Jaw Worm","floor":1,"turns":5},{"damage":48,"enemies":"Gremlin Nob","floor":6,"turns":5},{"damage":0,"enemies":"Cultist","floor":7,"turns":3},{"damage":1,"enemies":"2 Louse","floor":12,"turns":2},{"damage":7,"enemies":"The Guardian","floor":16,"turns":12},{"damage":0,"enemies":"Spheric Guardian","floor":18,"turns":3},{"damage":38,"enemies":"Masked Bandits","floor":20,"turns":6},{"damage":42,"enemies":"Gremlin Leader","floor":24,"turns":7},{"damage":10,"enemies":"2 Thieves","floor":27,"turns":4},{"damage":2,"enemies":"Snecko","floor":28,"turns":5},{"damage":0,"enemies":"Snake Plant","floor":29,"turns":2},{"damage":20,"enemies":"Champ","floor":33,"turns":8},{"damage":0,"enemies":"3 Darklings","floor":35,"turns":2},{"damage":0,"enemies":"3 Shapes","floor":37,"turns":2},{"damage":0,"enemies":"Mind Bloom Boss Battle","floor":38,"turns":3},{"damage":0,"enemies":"2 Orb Walkers","floor":39,"turns":5},{"damage":22,"enemies":"Giant Head","floor":41,"turns":6},{"damage":0,"enemies":"Transient","floor":44,"turns":5},{"damage":18,"enemies":"Writhing Mass","floor":45,"turns":5},{"damage":20,"enemies":"Reptomancer","floor":48,"turns":6},{"damage":18,"enemies":"Time Eater","floor":50,"turns":10},{"damage":48,"enemies":"Shield and Spear","floor":54,"turns":5},{"damage":58,"enemies":"The Heart","floor":55,"turns":12}],"seed_played":"-1683871863168573495","potions_obtained":[{"floor":1,"key":"LiquidBronze"},{"floor":2,"key":"PowerPotion"},{"floor":2,"key":"ColorlessPotion"},{"floor":6,"key":"DuplicationPotion"},{"floor":12,"key":"AttackPotion"},{"floor":16,"key":"CunningPotion"},{"floor":27,"key":"EntropicBrew"},{"floor":29,"key":"Block Potion"},{"floor":33,"key":"Strength Potion"},{"floor":39,"key":"Regen Potion"},{"floor":48,"key":"Block Potion"},{"floor":54,"key":"SneckoOil"}],"is_trial":false,"path_per_floor":["M","?","$","T","?","E","M","?","T","?","R","M","R","T","R","B",null,"M","?","?","$","?","R","E","R","T","M","M","M","R","?","R","B",null,"M","?","M","?","?","R","E","T","T","M","M","?","?","E","R","B",null,"R","$","E","B",null],"character_chosen":"THE_SILENT","items_purchased":["Noxious Fumes","All Out Attack","Cloak And Dagger","Master of Strategy","Ornamental Fan","Membership Card","After Image","DuplicationPotion","Regen Potion"],"campfire_rested":3,"item_purchase_floors":[3,3,21,21,53,53,53,53,53],"current_hp_per_floor":[49,49,49,49,49,1,5,28,28,28,28,35,35,35,56,55,80,80,80,46,46,46,46,10,34,34,34,40,48,48,48,72,62,80,80,80,80,80,80,80,59,59,59,67,74,74,74,56,56,64,76,76,76,58,28],"gold":153,"neow_bonus":"ONE_RARE_RELIC","is_prod":false,"is_daily":false,"chose_seed":false,"campfire_upgraded":6,"win_rate":0,"timestamp":1675491362,"path_taken":["M","?","$","?","?","E","?","?","T","?","R","M","R","?","R","BOSS","M","?","?","$","?","R","E","R","T","?","M","M","R","?","R","BOSS","M","?","M","?","?","R","E","?","T","?","M","?","?","E","R","BOSS","R","$","E","BOSS"],"build_version":"2022-12-18","purchased_purges":2,"victory":true,"max_hp_per_floor":[70,70,70,70,70,70,70,70,70,70,70,70,70,70,70,70,80,80,80,80,80,80,80,80,80,80,80,80,80,80,80,80,80,80,80,80,80,80,80,80,80,80,80,80,80,76,76,76,76,76,76,76,76,76,76],"card_choices":[{"not_picked":["Bouncing Flask","Flying Knee"],"picked":"Calculated Gamble","floor":1},{"not_picked":["PiercingWail","Dodge and Roll"],"picked":"Accuracy","floor":6},{"not_picked":["Flying Knee","Bane"],"picked":"Acrobatics","floor":7},{"not_picked":["Backstab","Sucker Punch"],"picked":"Accuracy","floor":12},{"not_picked":["Malaise","Glass Knife"],"picked":"Corpse Explosion","floor":16},{"not_picked":["Leg Sweep","Masterful Stab"],"picked":"Deflect+1","floor":18},{"not_picked":["Escape Plan","Backflip"],"picked":"Cloak And Dagger+1","floor":20},{"not_picked":["Flechettes+1","Masterful Stab"],"picked":"Adrenaline","floor":24},{"not_picked":["Flechettes","Setup"],"picked":"Well Laid Plans+1","floor":25},{"not_picked":["Dagger Throw","Deflect"],"picked":"Calculated Gamble","floor":27},{"not_picked":["Flying Knee","Dagger Throw"],"picked":"Leg Sweep","floor":28},{"not_picked":["Prepared","PiercingWail+1"],"picked":"Cloak And Dagger","floor":29},{"not_picked":["Outmaneuver","Prepared"],"picked":"PiercingWail","floor":32},{"not_picked":["A Thousand Cuts","Envenom"],"picked":"Unload","floor":33},{"not_picked":["Infinite Blades","Poisoned Stab+1"],"picked":"Footwork+1","floor":35},{"not_picked":["Quick Slash+1","Poisoned Stab+1","Prepared"],"picked":"SKIP","floor":37},{"not_picked":["Flying Knee","PiercingWail+1"],"picked":"Caltrops+1","floor":38},{"not_picked":["Footwork","Flying Knee+1"],"picked":"Accuracy","floor":39},{"not_picked":["Poisoned Stab+1","Slice","All Out Attack"],"picked":"SKIP","floor":41},{"not_picked":["Choke+1","Deflect","Deadly Poison+1"],"picked":"SKIP","floor":44},{"not_picked":["Sucker Punch","Skewer","Noxious Fumes+1"],"picked":"SKIP","floor":45},{"not_picked":["Setup+1","Poisoned Stab","Dagger Spray+1"],"picked":"SKIP","floor":48},{"not_picked":["Flying Knee+1","Deflect"],"picked":"PiercingWail+1","floor":54}],"player_experience":1243197,"relics_obtained":[{"floor":4,"key":"Ninja Scroll"},{"floor":6,"key":"Bird Faced Urn"},{"floor":9,"key":"Blue Candle"},{"floor":14,"key":"Whetstone"},{"floor":17,"key":"War Paint"},{"floor":17,"key":"Pear"},{"floor":17,"key":"Tingsha"},{"floor":20,"key":"Red Mask"},{"floor":24,"key":"Dream Catcher"},{"floor":26,"key":"Shuriken"},{"floor":38,"key":"Incense Burner"},{"floor":39,"key":"Tough Bandages"},{"floor":41,"key":"Toy Ornithopter"},{"floor":42,"key":"Smiling Mask"},{"floor":48,"key":"Happy Flower"},{"floor":54,"key":"Paper Crane"}],"event_choices":[{"damage_healed":0,"gold_gain":0,"player_choice":"Got Potions","damage_taken":0,"max_hp_gain":0,"max_hp_loss":0,"event_name":"Lab","floor":2,"gold_loss":0},{"damage_healed":0,"gold_gain":0,"player_choice":"Upgraded","damage_taken":0,"max_hp_gain":0,"max_hp_loss":0,"event_name":"Upgrade Shrine","floor":5,"gold_loss":0,"cards_upgraded":["Noxious Fumes"]},{"damage_healed":23,"gold_gain":0,"player_choice":"Banana","damage_taken":0,"max_hp_gain":0,"max_hp_loss":0,"event_name":"Big Fish","floor":8,"gold_loss":0},{"cards_removed":["Strike_G"],"damage_healed":0,"gold_gain":0,"player_choice":"Forget","damage_taken":0,"max_hp_gain":0,"max_hp_loss":0,"event_name":"Living Wall","floor":10,"gold_loss":0},{"cards_removed":["Corpse Explosion"],"damage_healed":0,"gold_gain":0,"player_choice":"Take \u0026 Give","damage_taken":0,"max_hp_gain":0,"max_hp_loss":0,"event_name":"betterNote:BetterNote","floor":19,"gold_loss":0,"cards_obtained":["Footwork"]},{"damage_healed":0,"gold_gain":0,"player_choice":"Fought Bandits","damage_taken":0,"max_hp_gain":0,"max_hp_loss":0,"event_name":"Masked Bandits","floor":20,"gold_loss":0},{"damage_healed":0,"gold_gain":0,"player_choice":"0 cards matched","damage_taken":0,"max_hp_gain":0,"max_hp_loss":0,"event_name":"Match and Keep!","floor":22,"gold_loss":0,"cards_obtained":[]},{"damage_healed":0,"gold_gain":0,"player_choice":"Ignored","damage_taken":0,"max_hp_gain":0,"max_hp_loss":0,"event_name":"The Mausoleum","floor":31,"gold_loss":0},{"cards_removed":["Defend_G"],"damage_healed":0,"gold_gain":0,"player_choice":"Removed Skill","damage_taken":0,"max_hp_gain":0,"max_hp_loss":0,"event_name":"Falling","floor":36,"gold_loss":0},{"damage_healed":0,"gold_gain":0,"player_choice":"Fight","damage_taken":0,"max_hp_gain":0,"max_hp_loss":0,"event_name":"MindBloom","floor":38,"gold_loss":0},{"damage_healed":0,"gold_gain":0,"player_choice":"Fight","damage_taken":0,"max_hp_gain":0,"max_hp_loss":0,"event_name":"Mysterious Sphere","floor":39,"gold_loss":0},{"damage_healed":0,"gold_gain":0,"player_choice":"Max HP","damage_taken":0,"max_hp_gain":0,"max_hp_loss":4,"event_name":"Winding Halls","floor":46,"gold_loss":0},{"damage_healed":0,"gold_gain":222,"player_choice":"Wore Mask","damage_taken":0,"max_hp_gain":0,"max_hp_loss":0,"event_name":"Tomb of Lord Red Mask","floor":47,"gold_loss":0}],"is_beta":false,"boss_relics":[{"not_picked":["Snecko Eye","Tiny House"],"picked":"Calling Bell"},{"not_picked":["HoveringKite","Busted Crown"],"picked":"SlaversCollar"}],"items_purged_floors":[21,53],"is_endless":false,"potions_floor_spawned":[1,6,12,16,27,29,33,39,41,48,54],"ascension_level":0}