{"gold_per_floor":[115,130,6,26,39,39,68,68,120,140,64,79,89,99,99,197,197,208,29,104,115,115,115,150,150,175,90,109,128,32,32,32,134,134,151,164,181,48,58,58,8,58,58,73,73,73],"floor_reached":46,"playtime":2377,"items_purged":["Strike_G","Strike_G","Strike_G","Defend_G"],"score":519,"play_id":"3bc25919-7fc9-4be7-9085-a8eed69e0809","local_time":"20230204001310","is_ascension_mode":false,"campfire_choices":[{"data":"Noxious Fumes","floor":6,"key":"SMITH"},{"data":"Noxious Fumes","floor":15,"key":"SMITH"},{"data":"Catalyst","floor":23,"key":"SMITH"},{"data":"Envenom","floor":25,"key":"SMITH"},{"floor":32,"key":"REST"},{"data":"Noxious Fumes","floor":40,"key":"SMITH"}],"neow_cost":"NONE","seed_source_timestamp":89159152279800,"circlet_count":0,"master_deck":["Strike_G","Strike_G+1","Defend_G+1","Defend_G","Defend_G","Defend_G","Survivor","Neutralize","Die Die Die","Noxious Fumes+1","Calculated Gamble","Poisoned Stab","Predator","Bane","Catalyst+1","Noxious Fumes+1","Deadly Poison","Bane","Escape Plan","Envenom+1","Footwork","Backflip+1","Wraith Form v2","Acrobatics","Dark Shackles","After Image","Reflex","Flash of Steel","Noxious Fumes+1","Prepared"],"relics":["Ring of the Snake","Meat on the Bone","Potion Belt","HoveringKite","Smiling Mask","Strawberry","Turnip","Paper Crane","Runic Pyramid","Tingsha","The Courier","Toxic Egg 2"],"potions_floor_usage":[7,16,16,18,21,24,33,37,46],"damage_taken":[{"damage":3,"enemies":"Jaw Worm","floor":1,"turns":6},{"damage":0,"enemies":"2 Louse","floor":2,"turns":3},{"damage":0,"enemies":"Small Slimes","floor":4,"turns":2},{"damage":8,"enemies":"Exordium Wildlife","floor":5,"turns":3},{"damage":8,"enemies":"Lagavulin","floor":7,"turns":5},{"damage":0,"enemies":"3 Louse","floor":10,"turns":1},{"damage":0,"enemies":"Blue Slaver","floor":12,"turns":3},{"damage":0,"enemies":"Large Slime","floor":13,"turns":3},{"damage":12,"enemies":"Exordium Wildlife","floor":14,"turns":3},{"damage":0,"enemies":"Slime Boss","floor":16,"turns":5},{"damage":4,"enemies":"3 Byrds","floor":18,"turns":4},{"damage":19,"enemies":"2 Thieves","floor":21,"turns":3},{"damage":18,"enemies":"Book of Stabbing","floor":24,"turns":7},{"damage":21,"enemies":"Centurion and Healer","floor":28,"turns":5},{"damage":11,"enemies":"Snake Plant","floor":29,"turns":5},{"damage":12,"enemies":"Champ","floor":33,"turns":11},{"damage":1,"enemies":"3 Darklings","floor":35,"turns":4},{"damage":0,"enemies":"Orb Walker","floor":36,"turns":4},{"damage":5,"enemies":"3 Darklings","floor":37,"turns":6},{"damage":20,"enemies":"Spire Growth","floor":39,"turns":6},{"damage":2,"enemies":"Mind Bloom Boss Battle","floor":42,"turns":6},{"damage":16,"enemies":"Jaw Worm Horde","floor":44,"turns":4},{"damage":54,"enemies":"2 Orb Walkers","floor":46,"turns":3}],"seed_played":"5799848173367174244","potions_obtained":[{"floor":1,"key":"PowerPotion"},{"floor":5,"key":"Poison Potion"},{"floor":10,"key":"Fire Potion"},{"floor":14,"key":"Strength Potion"},{"floor":16,"key":"Block Potion"},{"floor":18,"key":"SkillPotion"},{"floor":29,"key":"PowerPotion"},{"floor":33,"key":"Poison Potion"},{"floor":36,"key":"PowerPotion"}],"is_trial":false,"path_per_floor":["M","M","$","M","M","R","E","?","T","M","$","M","M","M","R","B",null,"M","$","?","M","?","R","E","R","T","?","M","M","$","T","R","B",null,"M","M","M","$","M","R","$","?","T","M","T","?"],"character_chosen":"THE_SILENT","items_purchased":["Poisoned Stab","Noxious Fumes","Footwork","Dark Shackles","Flash of Steel"],"campfire_rested":1,"item_purchase_floors":[3,11,19,30,38],"current_hp_per_floor":[67,67,67,67,59,59,51,37,37,37,37,37,37,37,37,37,70,66,66,59,40,40,40,34,34,41,41,32,33,33,33,56,44,77,76,76,71,71,51,51,51,49,49,45,45,0],"gold":73,"neow_bonus":"ONE_RANDOM_RARE_CARD","is_prod":false,"is_daily":false,"chose_seed":false,"campfire_upgraded":5,"win_rate":0,"timestamp":1675487590,"path_taken":["M","M","$","M","M","R","E","?","T","M","$","M","M","M","R","BOSS","M","$","?","M","?","R","E","R","T","?","M","M","$","?","R","BOSS","M","M","M","$","M","R","$","?","T","M","?","?"],"build_version":"2022-12-18","purchased_purges":4,"victory":false,"max_hp_per_floor":[70,70,70,70,70,70,70,70,70,70,70,70,70,70,70,70,70,70,70,70,70,70,70,70,70,77,77,77,77,77,77,77,77,77,77,77,77,77,77,77,77,77,77,77,77,77],"card_choices":[{"not_picked":["Predator","Terror"],"picked":"Noxious Fumes","floor":1},{"not_picked":["Dagger Spray","Backflip"],"picked":"Calculated Gamble","floor":2},{"not_picked":["Deflect","Flying Knee"],"picked":"Predator","floor":4},{"not_picked":["Dagger Spray","Dodge and Roll"],"picked":"Bane","floor":5},{"not_picked":["Outmaneuver","Reflex"],"picked":"Catalyst","floor":7},{"not_picked":["Sucker Punch","Eviscerate","Infinite Blades"],"picked":"SKIP","floor":10},{"not_picked":["Dagger Spray","Expertise"],"picked":"Deadly Poison","floor":12},{"not_picked":["Slice","Backflip"],"picked":"Bane","floor":13},{"not_picked":["Distraction","Setup"],"picked":"Escape Plan","floor":14},{"not_picked":["Grand Finale","Burst"],"picked":"Envenom","floor":16},{"not_picked":["Dodge and Roll","Bane","Outmaneuver+1"],"picked":"SKIP","floor":18},{"not_picked":["Sucker Punch","Bane"],"picked":"Backflip+1","floor":21},{"not_picked":["Tactician","Masterful Stab"],"picked":"Wraith Form v2","floor":24},{"not_picked":["Bane","Underhanded Strike"],"picked":"Acrobatics","floor":28},{"not_picked":["Outmaneuver","Poisoned Stab","Dagger Throw"],"picked":"SKIP","floor":29},{"not_picked":["Doppelganger","Wraith Form v2"],"picked":"After Image","floor":33},{"not_picked":["Dodge and Roll","Dagger Spray","Dash+1"],"picked":"SKIP","floor":35},{"not_picked":["Deflect+1","Quick Slash","Flying Knee+1"],"picked":"SKIP","floor":36},{"not_picked":["Underhanded Strike","Dagger Throw+1"],"picked":"Reflex","floor":37},{"not_picked":["Quick Slash","Accuracy"],"picked":"Noxious Fumes","floor":39},{"not_picked":["Backflip","Flechettes"],"picked":"Prepared","floor":42},{"not_picked":["Riddle With Holes+1","Underhanded Strike+1","Cloak And Dagger+1"],"picked":"SKIP","floor":44}],"player_experience":1240820,"relics_obtained":[{"floor":7,"key":"Meat on the Bone"},{"floor":9,"key":"Potion Belt"},{"floor":24,"key":"Smiling Mask"},{"floor":26,"key":"Strawberry"},{"floor":31,"key":"Paper Crane"},{"floor":42,"key":"Tingsha"},{"floor":43,"key":"The Courier"},{"floor":45,"key":"Toxic Egg 2"}],"event_choices":[{"damage_healed":0,"gold_gain":0,"player_choice":"Entered Light","damage_taken":14,"max_hp_gain":0,"max_hp_loss":0,"event_name":"Shining Light","floor":8,"gold_loss":0,"cards_upgraded":["Defend_G","Strike_G"]},{"damage_healed":0,"gold_gain":75,"player_choice":"Touch","damage_taken":7,"max_hp_gain":0,"max_hp_loss":0,"event_name":"FaceTrader","floor":20,"gold_loss":0},{"cards_removed":["Footwork"],"damage_healed":0,"gold_gain":0,"player_choice":"Give","damage_taken":0,"max_hp_gain":0,"max_hp_loss":0,"event_name":"betterNote:BetterNote","floor":22,"gold_loss":0,"cards_obtained":["Tempest"]},{"damage_healed":0,"gold_gain":0,"player_choice":"Obtained Relic","damage_taken":0,"relics_obtained":["Turnip"],"max_hp_gain":0,"max_hp_loss":0,"event_name":"Addict","floor":27,"gold_loss":85},{"damage_healed":0,"gold_gain":0,"player_choice":"Fight","damage_taken":0,"max_hp_gain":0,"max_hp_loss":0,"event_name":"MindBloom","floor":42,"gold_loss":0},{"damage_healed":0,"gold_gain":0,"player_choice":"Fight","damage_taken":0,"max_hp_gain":0,"max_hp_loss":0,"event_name":"Mysterious Sphere","floor":46,"gold_loss":0}],"is_beta":false,"boss_relics":[{"not_picked":["Calling Bell","Philosopher\u0027s Stone"],"picked":"HoveringKite"},{"not_picked":["Runic Dome","Coffee Dripper"],"picked":"Runic Pyramid"}],"items_purged_floors":[3,19,38,41],"is_endless":false,"potions_floor_spawned":[1,5,10,14,16,18,29,33,36],"killed_by":"2 Orb Walkers","ascension_level":0}