{"gold_per_floor":[114,16,16,28,28,28,54,69,92,104,117,18,18,29,29,127,127,144,163,14,14,26,55,55,75,75,89,189,189,289,289,289,390,390,408,419,197,214,227,257,276,276,276,276,296,306,321,351,351,351],"floor_reached":51,"playtime":3256,"items_purged":["Strike_G","Strike_G","Strike_G"],"score":760,"play_id":"22d15e33-e149-4bb7-9835-d6b4e71081aa","local_time":"20230307214918","is_ascension_mode":false,"campfire_choices":[{"data":"Die Die Die","floor":6,"key":"SMITH"},{"data":"Poisoned Stab","floor":13,"key":"SMITH"},{"data":"Calculated Gamble","floor":15,"key":"SMITH"},{"data":"Adrenaline","floor":29,"key":"SMITH"},{"floor":32,"key":"REST"},{"floor":42,"key":"REST"},{"floor":44,"key":"REST"},{"floor":49,"key":"REST"}],"neow_cost":"NONE","seed_source_timestamp":1793262170166400,"circlet_count":0,"master_deck":["Strike_G","Defend_G","Defend_G","Defend_G","Defend_G","Survivor+1","Neutralize","Unload","Deadly Poison+1","Sucker Punch","Poisoned Stab+1","Die Die Die+1","Leg Sweep","Acrobatics","PiercingWail","Calculated Gamble+1","Underhanded Strike","Adrenaline+1","PiercingWail","Underhanded Strike","Deflect","Venomology","Escape Plan","Tactician+1","All Out Attack+1","Dagger Throw+1","Bouncing Flask+1","Wraith Form v2","Crippling Poison+1","Prepared+1","PiercingWail+1","Poisoned Stab+1","Poisoned Stab+1","Well Laid Plans+1","Acrobatics+1","Backflip+1","Catalyst+1","Prepared+1"],"relics":["Ring of the Serpent","War Paint","Happy Flower","Philosopher\u0027s Stone","Juzu Bracelet","Molten Egg 2","Calipers","Toxic Egg 2","Orichalcum","Ice Cream","The Courier"],"potions_floor_usage":[11,16,22,22,23,24,24,24,24,27,27,28,33,33,33,33,36,40,40,40,41,45,46,46,47,48,50,50,50,50],"damage_taken":[{"damage":0,"enemies":"Cultist","floor":1,"turns":3},{"damage":0,"enemies":"2 Louse","floor":4,"turns":2},{"damage":8,"enemies":"Lagavulin","floor":7,"turns":5},{"damage":0,"enemies":"Small Slimes","floor":8,"turns":3},{"damage":0,"enemies":"Gremlin Gang","floor":10,"turns":3},{"damage":0,"enemies":"Large Slime","floor":11,"turns":5},{"damage":0,"enemies":"Red Slaver","floor":14,"turns":2},{"damage":7,"enemies":"Hexaghost","floor":16,"turns":7},{"damage":0,"enemies":"2 Thieves","floor":18,"turns":3},{"damage":1,"enemies":"Spheric Guardian","floor":19,"turns":3},{"damage":2,"enemies":"Snecko","floor":22,"turns":4},{"damage":10,"enemies":"Slavers","floor":23,"turns":6},{"damage":19,"enemies":"Sentry and Sphere","floor":24,"turns":5},{"damage":1,"enemies":"Centurion and Healer","floor":25,"turns":7},{"damage":7,"enemies":"Snake Plant","floor":27,"turns":4},{"damage":0,"enemies":"Colosseum Slavers","floor":28,"turns":3},{"damage":1,"enemies":"Colosseum Nobs","floor":28,"turns":4},{"damage":17,"enemies":"Collector","floor":33,"turns":6},{"damage":9,"enemies":"3 Shapes","floor":35,"turns":5},{"damage":0,"enemies":"Orb Walker","floor":36,"turns":3},{"damage":10,"enemies":"Transient","floor":38,"turns":5},{"damage":0,"enemies":"4 Shapes","floor":39,"turns":6},{"damage":51,"enemies":"Nemesis","floor":40,"turns":7},{"damage":0,"enemies":"Jaw Worm Horde","floor":41,"turns":4},{"damage":5,"enemies":"Maw","floor":45,"turns":6},{"damage":0,"enemies":"Sphere and 2 Shapes","floor":46,"turns":1},{"damage":0,"enemies":"Writhing Mass","floor":47,"turns":5},{"damage":10,"enemies":"Reptomancer","floor":48,"turns":7},{"damage":56,"enemies":"Donu and Deca","floor":50,"turns":11}],"seed_played":"5366765948167776835","potions_obtained":[{"floor":1,"key":"Energy Potion"},{"floor":7,"key":"EntropicBrew"},{"floor":8,"key":"SneckoOil"},{"floor":14,"key":"ColorlessPotion"},{"floor":19,"key":"SkillPotion"},{"floor":22,"key":"Energy Potion"},{"floor":31,"key":"SkillPotion"},{"floor":33,"key":"Fruit Juice"},{"floor":39,"key":"Block Potion"},{"floor":40,"key":"Fruit Juice"},{"floor":45,"key":"SteroidPotion"},{"floor":47,"key":"AttackPotion"},{"floor":48,"key":"Fruit Juice"}],"is_trial":false,"path_per_floor":["M","$","?","M","?","R","E","M","T","M","M","$","R","M","R","B",null,"M","M","$","?","M","E","M","M","T","M","?","R","?","?","R","B",null,"M","M","$","M","M","E","M","R","T","R","M","M","M","E","R","B",null],"character_chosen":"THE_SILENT","basemod:card_modifiers":[null,null,null,null,null,null,null,null,null,null,null,null,null,null,null,null,null,null,null,null,null,null,null,null,null,null,null,null,null,null,null,null,null,null,null,null,null,null],"items_purchased":["Sucker Punch","Calculated Gamble","Underhanded Strike","Deflect","PiercingWail+1","Poisoned Stab+1"],"campfire_rested":4,"item_purchase_floors":[2,12,12,20,37,37],"current_hp_per_floor":[70,70,70,70,70,70,62,62,62,62,62,62,62,62,62,55,70,70,69,69,69,67,57,38,37,37,30,29,29,29,29,50,38,75,66,66,66,56,56,5,10,34,34,58,53,53,53,43,67,16],"gold":351,"neow_bonus":"TRANSFORM_CARD","is_prod":false,"is_daily":false,"chose_seed":false,"campfire_upgraded":4,"win_rate":0,"timestamp":1678243758,"path_taken":["M","?","?","M","?","R","E","M","T","M","M","$","R","?","R","BOSS","M","M","$","?","M","E","M","M","T","M","?","R","?","?","R","BOSS","M","M","$","M","M","E","M","R","T","R","M","M","M","E","R","BOSS"],"build_version":"2022-12-18","purchased_purges":3,"victory":true,"max_hp_per_floor":[70,70,70,70,70,70,70,70,70,70,70,70,70,70,70,70,70,70,70,70,70,70,70,70,70,70,70,70,70,70,70,70,75,75,75,75,75,75,75,75,80,80,80,80,80,80,80,80,80,85],"card_choices":[{"not_picked":["Tactician","Reflex"],"picked":"Deadly Poison","floor":1},{"not_picked":["Expertise","Underhanded Strike"],"picked":"Poisoned Stab","floor":4},{"not_picked":["Underhanded Strike","Choke"],"picked":"Leg Sweep","floor":7},{"not_picked":["Bane","Skewer"],"picked":"Acrobatics","floor":8},{"not_picked":["Outmaneuver","Setup"],"picked":"PiercingWail","floor":10},{"not_picked":["Prepared","Slice","Sucker Punch"],"picked":"SKIP","floor":11},{"not_picked":["Accuracy","Dodge and Roll","Dagger Throw"],"picked":"SKIP","floor":14},{"not_picked":["Die Die Die","Venomology"],"picked":"Adrenaline","floor":16},{"not_picked":["Prepared+1","Blade Dance"],"picked":"PiercingWail","floor":18},{"not_picked":["Cloak And Dagger","Catalyst"],"picked":"Underhanded Strike","floor":19},{"not_picked":["Blade Dance","Concentrate+1"],"picked":"Escape Plan","floor":22},{"not_picked":["Poisoned Stab","Accuracy+1"],"picked":"Tactician+1","floor":23},{"not_picked":["Acrobatics+1","Tactician"],"picked":"All Out Attack+1","floor":25},{"not_picked":["Sucker Punch+1","Blade Dance"],"picked":"Dagger Throw+1","floor":27},{"not_picked":["Dash+1","Backflip+1"],"picked":"Bouncing Flask+1","floor":28},{"not_picked":["A Thousand Cuts","Night Terror+1"],"picked":"Wraith Form v2","floor":33},{"not_picked":["Underhanded Strike+1","Slice+1"],"picked":"Crippling Poison+1","floor":35},{"not_picked":["Acrobatics+1","Bouncing Flask+1"],"picked":"Prepared+1","floor":36},{"not_picked":["Poisoned Stab+1","Heel Hook+1","Underhanded Strike+1"],"picked":"SKIP","floor":38},{"not_picked":["Heel Hook+1","Underhanded Strike+1"],"picked":"Poisoned Stab+1","floor":38},{"not_picked":["Leg Sweep+1","Cloak And Dagger+1","Slice+1"],"picked":"SKIP","floor":39},{"not_picked":["Dagger Throw+1","Deflect+1"],"picked":"Well Laid Plans+1","floor":40},{"not_picked":["Heel Hook+1","Slice+1"],"picked":"Acrobatics+1","floor":41},{"not_picked":["Noxious Fumes+1","Choke+1"],"picked":"Backflip+1","floor":45},{"not_picked":["Escape Plan+1","Envenom"],"picked":"Catalyst+1","floor":46},{"not_picked":["Cloak And Dagger+1","Flying Knee+1","Accuracy"],"picked":"SKIP","floor":47},{"not_picked":["Choke+1","Skewer+1"],"picked":"Prepared+1","floor":48}],"player_experience":1308909,"relics_obtained":[{"floor":7,"key":"War Paint"},{"floor":9,"key":"Happy Flower"},{"floor":23,"key":"Juzu Bracelet"},{"floor":26,"key":"Molten Egg 2"},{"floor":28,"key":"Calipers"},{"floor":28,"key":"Toxic Egg 2"},{"floor":40,"key":"Orichalcum"},{"floor":43,"key":"Ice Cream"},{"floor":48,"key":"The Courier"}],"event_choices":[{"damage_healed":0,"gold_gain":0,"player_choice":"Ignored","damage_taken":0,"max_hp_gain":0,"max_hp_loss":0,"event_name":"Liars Game","floor":3,"gold_loss":0},{"damage_healed":0,"gold_gain":0,"cards_transformed":["Strike_G"],"player_choice":"Transformed","damage_taken":0,"max_hp_gain":0,"max_hp_loss":0,"event_name":"Transmorgrifier","floor":5,"gold_loss":0,"cards_obtained":["Die Die Die"]},{"cards_removed":["Die Die Die"],"damage_healed":0,"gold_gain":0,"player_choice":"Take \u0026 Give","damage_taken":0,"max_hp_gain":0,"max_hp_loss":0,"event_name":"betterNote:BetterNote","floor":21,"gold_loss":0,"cards_obtained":["Venomology"]},{"damage_healed":0,"gold_gain":0,"player_choice":"Fight","damage_taken":0,"max_hp_gain":0,"max_hp_loss":0,"event_name":"Colosseum","floor":28,"gold_loss":0},{"damage_healed":0,"gold_gain":0,"player_choice":"Fought Nobs","damage_taken":0,"max_hp_gain":0,"max_hp_loss":0,"event_name":"Colosseum","floor":28,"gold_loss":0},{"damage_healed":0,"gold_gain":100,"player_choice":"Pray","damage_taken":0,"max_hp_gain":0,"max_hp_loss":0,"event_name":"Golden Shrine","floor":30,"gold_loss":0},{"damage_healed":0,"gold_gain":0,"player_choice":"Got Potions","damage_taken":0,"max_hp_gain":0,"max_hp_loss":0,"event_name":"Lab","floor":31,"gold_loss":0}],"is_beta":false,"boss_relics":[{"not_picked":["Velvet Choker","Sozu"],"picked":"Philosopher\u0027s Stone"},{"not_picked":["SlaversCollar","Tiny House"],"picked":"Ring of the Serpent"}],"items_purged_floors":[2,20,37],"is_endless":false,"potions_floor_spawned":[1,7,8,14,19,22,23,25,33,39,40,45,47,48],"ascension_level":0}