{"gold_per_floor":[118,136,152,152,166,200,213,178,249,259,13,25,25,25,25,130,130,146,95,95,95,115,115,15,49,73,98,98,109,121,81,81,181,181,199,64,79,79,92,121,121,121,173,200,211,211,62,90,90,90],"floor_reached":50,"playtime":2705,"items_purged":["Defend_G","Grand Finale"],"score":645,"play_id":"9d9a473f-1832-4f35-a85d-9713a05f830f","local_time":"20230319205649","is_ascension_mode":false,"campfire_choices":[{"floor":15.0,"key":"REST"},{"data":"Noxious Fumes","floor":23.0,"key":"SMITH"},{"floor":28.0,"key":"REST"},{"floor":32.0,"key":"REST"},{"data":"Tools of the Trade","floor":42.0,"key":"SMITH"},{"data":"Catalyst","floor":49,"key":"SMITH"}],"neow_cost":"NONE","seed_source_timestamp":0,"circlet_count":0,"master_deck":["Survivor","Neutralize","Blade Dance","Riddle With Holes","Dagger Throw","Well Laid Plans","Deflect","Escape Plan","Good Instincts","Tactician","Tactician","Dodge and Roll","Adrenaline","Dodge and Roll","Noxious Fumes+1","Tools of the Trade+1","Flechettes","Glass Knife","Corpse Explosion","Slice","Prepared+1","PiercingWail","Noxious Fumes+1","Footwork","Blur","Catalyst+1","Noxious Fumes","After Image","Poisoned Stab","Footwork","Deflect","Adrenaline"],"special_seed":0,"relics":["Ring of the Snake","Shuriken","Pandora\u0027s Box","Du-Vu Doll","Anchor","Nunchaku","Coffee Dripper","Happy Flower","PreservedInsect","Gremlin Horn","OrangePellets","Akabeko"],"potions_floor_usage":[50,50,50],"damage_taken":[{"damage":5.0,"enemies":"Small Slimes","floor":1.0,"turns":5.0},{"damage":6.0,"enemies":"2 Louse","floor":2.0,"turns":2.0},{"damage":3.0,"enemies":"Jaw Worm","floor":3.0,"turns":5.0},{"damage":7.0,"enemies":"Looter","floor":5.0,"turns":3.0},{"damage":40.0,"enemies":"Gremlin Nob","floor":6.0,"turns":5.0},{"damage":7.0,"enemies":"3 Louse","floor":7.0,"turns":3.0},{"damage":1.0,"enemies":"Exordium Wildlife","floor":10.0,"turns":3.0},{"damage":0.0,"enemies":"Exordium Thugs","floor":12.0,"turns":4.0},{"damage":26.0,"enemies":"Hexaghost","floor":16.0,"turns":11.0},{"damage":9.0,"enemies":"2 Thieves","floor":18.0,"turns":2.0},{"damage":8.0,"enemies":"Shell Parasite","floor":22.0,"turns":6.0},{"damage":43.0,"enemies":"Book of Stabbing","floor":25.0,"turns":7.0},{"damage":5.0,"enemies":"Slavers","floor":27.0,"turns":4.0},{"damage":10.0,"enemies":"Centurion and Healer","floor":29.0,"turns":4.0},{"damage":14.0,"enemies":"Snake Plant","floor":30.0,"turns":4.0},{"damage":0.0,"enemies":"Champ","floor":33.0,"turns":8.0},{"damage":1.0,"enemies":"3 Shapes","floor":35.0,"turns":5.0},{"damage":27.0,"enemies":"Orb Walker","floor":37.0,"turns":6.0},{"damage":20.0,"enemies":"Spire Growth","floor":39.0,"turns":6.0},{"damage":26.0,"enemies":"Nemesis","floor":40.0,"turns":9.0},{"damage":2.0,"enemies":"Giant Head","floor":44.0,"turns":8.0},{"damage":7,"enemies":"Transient","floor":45,"turns":5},{"damage":15,"enemies":"Nemesis","floor":48,"turns":7},{"damage":55,"enemies":"Time Eater","floor":50,"turns":7}],"seed_played":"144126809438080310","potions_obtained":[{"floor":1.0,"key":"Explosive Potion"},{"floor":2.0,"key":"Block Potion"},{"floor":6.0,"key":"Ancient Potion"},{"floor":10.0,"key":"FearPotion"},{"floor":12.0,"key":"AttackPotion"},{"floor":25.0,"key":"SpeedPotion"},{"floor":30.0,"key":"BlessingOfTheForge"},{"floor":37.0,"key":"Poison Potion"},{"floor":39.0,"key":"Strength Potion"},{"floor":45,"key":"AttackPotion"}],"is_trial":false,"path_per_floor":["M","M","M","?","M","E","M","?","T","M","$","M","$","?","R","B",null,"M","$","?","?","M","R","$","E","T","E","R","M","M","$","R","B",null,"M","$","M","?","M","E","?","R","T","E","M","?","$","E","R","B"],"character_chosen":"THE_SILENT","basemod:card_modifiers":[null,null,null,null,null,null,null,null,null,null,null,null,null,null,null,null,null,null,null,null,null,null,null,null,null,null,null,null,null,null,null,null],"items_purchased":["Good Instincts","Tactician","PiercingWail","Noxious Fumes","Footwork","Deflect","OrangePellets"],"campfire_rested":3,"item_purchase_floors":[11,11,19,31,36,36,47],"current_hp_per_floor":[65,59,56,61,54,14,7,25,25,24,24,24,24,24,46,20,75,66,66,66,66,58,58,58,15,15,10,32,22,8,8,30,30,75,74,74,47,47,27,1,66,66,66,64,57,57,57,42,42,0],"gold":90,"neow_bonus":"ONE_RANDOM_RARE_CARD","is_prod":false,"is_daily":false,"chose_seed":false,"campfire_upgraded":3,"win_rate":0,"timestamp":1679273809,"path_taken":["M","M","M","?","M","E","M","?","T","M","$","M","$","?","R","BOSS","M","$","?","?","M","R","?","E","T","E","R","?","M","$","R","BOSS","M","$","M","?","?","E","?","R","T","E","M","?","?","E","R","BOSS"],"build_version":"2022-12-18","purchased_purges":2,"victory":false,"max_hp_per_floor":[70,70,70,75,75,75,75,75,75,75,75,75,75,75,75,75,75,75,75,75,75,75,75,75,75,75,75,75,75,75,75,75,75,75,75,75,75,75,75,75,66,66,66,66,66,66,66,66,66,66],"card_choices":[{"not_picked":["Infinite Blades","Tactician"],"picked":"Blade Dance","floor":1.0},{"not_picked":["Outmaneuver","Bane"],"picked":"Riddle With Holes","floor":2.0},{"not_picked":["Cloak And Dagger","Flechettes"],"picked":"Dagger Throw","floor":3.0},{"not_picked":["Quick Slash","Leg Sweep"],"picked":"Well Laid Plans","floor":5.0},{"not_picked":["Dagger Throw","Outmaneuver","Underhanded Strike"],"picked":"SKIP","floor":6.0},{"not_picked":["Masterful Stab","Caltrops"],"picked":"Deflect","floor":7.0},{"not_picked":["Caltrops","Dagger Throw"],"picked":"Escape Plan","floor":10.0},{"not_picked":["All Out Attack","Noxious Fumes"],"picked":"Tactician","floor":12.0},{"not_picked":["Die Die Die","Malaise"],"picked":"Adrenaline","floor":16.0},{"not_picked":["Slice","Reflex"],"picked":"Prepared+1","floor":18.0},{"not_picked":["Concentrate","Dagger Spray","Deadly Poison"],"picked":"SKIP","floor":22.0},{"not_picked":["Concentrate+1","Riddle With Holes"],"picked":"Footwork","floor":25.0},{"not_picked":["Skewer","Deadly Poison+1"],"picked":"Blur","floor":27.0},{"not_picked":["Underhanded Strike","Blade Dance"],"picked":"Catalyst","floor":29.0},{"not_picked":["Finisher","Heel Hook","All Out Attack"],"picked":"SKIP","floor":30.0},{"not_picked":["Die Die Die","Unload"],"picked":"After Image","floor":33.0},{"not_picked":["Deadly Poison","Dagger Spray+1"],"picked":"Poisoned Stab","floor":35.0},{"not_picked":["Caltrops+1","Deflect+1","Bane"],"picked":"SKIP","floor":37.0},{"not_picked":["Backstab+1","Finisher+1","Crippling Poison"],"picked":"SKIP","floor":39.0},{"not_picked":["Slice+1","Blur","Outmaneuver"],"picked":"SKIP","floor":40.0},{"not_picked":["Infinite Blades","Dagger Throw+1","Heel Hook+1"],"picked":"SKIP","floor":44},{"not_picked":["Backstab+1","Cloak And Dagger","Flying Knee"],"picked":"SKIP","floor":45},{"not_picked":["Distraction+1","Eviscerate+1","Predator+1"],"picked":"SKIP","floor":48}],"player_experience":1297609,"relics_obtained":[{"floor":6.0,"key":"Shuriken"},{"floor":25.0,"key":"Du-Vu Doll"},{"floor":26.0,"key":"Anchor"},{"floor":27.0,"key":"Nunchaku"},{"floor":40.0,"key":"Happy Flower"},{"floor":43.0,"key":"PreservedInsect"},{"floor":44,"key":"Gremlin Horn"},{"floor":48,"key":"Akabeko"}],"event_choices":[{"damage_healed":0.0,"max_hp_gain":5.0,"max_hp_loss":0.0,"gold_gain":0.0,"event_name":"Big Fish","player_choice":"Donut","floor":4.0,"gold_loss":0.0,"damage_taken":0.0},{"damage_healed":18.0,"max_hp_gain":0.0,"max_hp_loss":0.0,"gold_gain":0.0,"event_name":"The Cleric","player_choice":"Healed","floor":8.0,"gold_loss":35.0,"damage_taken":0.0},{"damage_healed":0.0,"max_hp_gain":0.0,"max_hp_loss":0.0,"gold_gain":0.0,"cards_transformed":["Strike_G"],"event_name":"Living Wall","player_choice":"Change","floor":14.0,"gold_loss":0.0,"damage_taken":0.0,"cards_obtained":["Dodge and Roll"]},{"cards_removed":["Corpse Explosion"],"damage_healed":0.0,"max_hp_gain":0.0,"max_hp_loss":0.0,"gold_gain":0.0,"event_name":"betterNote:BetterNote","player_choice":"Take \u0026 Give","floor":20.0,"gold_loss":0.0,"damage_taken":0.0,"cards_obtained":["Noxious Fumes"]},{"damage_healed":0.0,"max_hp_gain":0.0,"max_hp_loss":0.0,"gold_gain":0.0,"event_name":"Cursed Tome","player_choice":"Ignored","floor":21.0,"gold_loss":0.0,"damage_taken":0.0},{"cards_removed":["Bullet Time"],"damage_healed":0.0,"max_hp_gain":0.0,"max_hp_loss":0.0,"gold_gain":0.0,"event_name":"Purifier","player_choice":"Purged","floor":38.0,"gold_loss":0.0,"damage_taken":0.0},{"damage_healed":66.0,"max_hp_gain":0.0,"max_hp_loss":9.0,"gold_gain":0.0,"event_name":"The Moai Head","player_choice":"Heal","floor":41.0,"gold_loss":0.0,"damage_taken":0.0},{"damage_healed":0,"gold_gain":0,"player_choice":"Copied","damage_taken":0,"max_hp_gain":0,"max_hp_loss":0,"event_name":"Duplicator","floor":46,"gold_loss":0,"cards_obtained":["Adrenaline"]}],"is_beta":false,"boss_relics":[{"not_picked":["Velvet Choker","Runic Pyramid"],"picked":"Pandora\u0027s Box"},{"not_picked":["Empty Cage","Sozu"],"picked":"Coffee Dripper"}],"items_purged_floors":[11,24],"is_endless":false,"potions_floor_spawned":[1,2,6,10,12,25,30,37,39,45,48],"killed_by":"Time Eater","ascension_level":0}