{"gold_per_floor":[15,29,61,89,118,118,166,166,166,193,193,219,239,256,256,353,353,382,332,110,126,146,3,21,50,50,92,110,139,139,175,175,285,285,310,157,180,200,223,250,250,261,261,287,297,297,315,349,349,349],"floor_reached":50,"playtime":4096,"items_purged":["Defend_G","Strike_G"],"score":853,"play_id":"0f773602-5ec0-4b12-83da-05d59e27d4b4","local_time":"20230512181726","is_ascension_mode":true,"campfire_choices":[{"data":"Slice","floor":6,"key":"SMITH"},{"floor":8,"key":"REST"},{"floor":15,"key":"REST"},{"floor":32,"key":"REST"},{"floor":41,"key":"REST"},{"floor":46,"key":"RECALL"},{"floor":49,"key":"REST"}],"neow_cost":"NO_GOLD","seed_source_timestamp":12174380901900,"circlet_count":0,"master_deck":["Strike_G","Strike_G","Defend_G","Defend_G","Survivor+1","Neutralize","Infinite Blades","Unload","Dagger Throw","Slice+1","Dagger Throw","Backflip+1","Footwork","Crippling Poison","Cloak And Dagger","Tools of the Trade","Tactician+1","Poisoned Stab","Distraction+1","Underhanded Strike","Blade Dance","Dodge and Roll+1","Prepared+1","After Image","Distraction+1","Footwork","Acrobatics","Calculated Gamble+1","Terror","Madness","Madness"],"relics":["Ring of the Snake","Lantern","Centennial Puzzle","Smiling Mask","Sundial","Empty Cage","OrangePellets","Sling","War Paint","CeramicFish","Oddly Smooth Stone","Regal Pillow","Shuriken","Fusion Hammer","Bag of Marbles","Vajra","Toy Ornithopter","Juzu Bracelet"],"potions_floor_usage":[7,7,10,16,18,22,27,29,31,33,39,45,50,50],"damage_taken":[{"damage":10,"enemies":"2 Louse","floor":1,"turns":3},{"damage":0,"enemies":"Cultist","floor":2,"turns":3},{"damage":0,"enemies":"Small Slimes","floor":3,"turns":3},{"damage":12,"enemies":"Gremlin Gang","floor":4,"turns":4},{"damage":8,"enemies":"Looter","floor":5,"turns":4},{"damage":17,"enemies":"Lagavulin","floor":7,"turns":5},{"damage":27,"enemies":"3 Sentries","floor":10,"turns":6},{"damage":5,"enemies":"Lagavulin","floor":12,"turns":7},{"damage":11,"enemies":"Lots of Slimes","floor":13,"turns":3},{"damage":6,"enemies":"Exordium Thugs","floor":14,"turns":6},{"damage":8,"enemies":"The Guardian","floor":16,"turns":11},{"damage":10,"enemies":"3 Byrds","floor":18,"turns":6},{"damage":0,"enemies":"Chosen","floor":21,"turns":4},{"damage":0,"enemies":"Snecko","floor":22,"turns":4},{"damage":4,"enemies":"Chosen and Byrds","floor":24,"turns":4},{"damage":11,"enemies":"Book of Stabbing","floor":25,"turns":4},{"damage":15,"enemies":"Gremlin Leader","floor":27,"turns":4},{"damage":0,"enemies":"Cultist and Chosen","floor":28,"turns":4},{"damage":12,"enemies":"Book of Stabbing","floor":29,"turns":3},{"damage":0,"enemies":"Gremlin Leader","floor":31,"turns":5},{"damage":3,"enemies":"Collector","floor":33,"turns":7},{"damage":0,"enemies":"Orb Walker","floor":35,"turns":2},{"damage":12,"enemies":"3 Darklings","floor":37,"turns":3},{"damage":3,"enemies":"Jaw Worm Horde","floor":38,"turns":2},{"damage":7,"enemies":"4 Shapes","floor":39,"turns":2},{"damage":0,"enemies":"Giant Head","floor":40,"turns":4},{"damage":2,"enemies":"Spire Growth","floor":42,"turns":3},{"damage":0,"enemies":"Reptomancer","floor":44,"turns":3},{"damage":0,"enemies":"Writhing Mass","floor":45,"turns":4},{"damage":15,"enemies":"Nemesis","floor":48,"turns":5},{"damage":72,"enemies":"Time Eater","floor":50,"turns":10}],"seed_played":"-380210381998309522","potions_obtained":[{"floor":2,"key":"ColorlessPotion"},{"floor":3,"key":"Weak Potion"},{"floor":4,"key":"BlessingOfTheForge"},{"floor":5,"key":"Strength Potion"},{"floor":13,"key":"Dexterity Potion"},{"floor":16,"key":"Weak Potion"},{"floor":18,"key":"AttackPotion"},{"floor":21,"key":"Ancient Potion"},{"floor":27,"key":"SteroidPotion"},{"floor":29,"key":"Poison Potion"},{"floor":31,"key":"FearPotion"},{"floor":35,"key":"Explosive Potion"},{"floor":42,"key":"GamblersBrew"},{"floor":45,"key":"Fire Potion"},{"floor":48,"key":"Poison Potion"}],"is_trial":false,"path_per_floor":["M","M","M","M","M","R","E","R","T","E","?","E","M","M","R","B",null,"M","?","$","M","M","$","M","E","T","E","M","E","?","E","R","B",null,"M","$","M","M","M","E","R","M","T","E","M","R","?","E","R","B"],"character_chosen":"THE_SILENT","basemod:card_modifiers":[[{"classname":"CardAugments.cardmods.uncommon.HeavyMod","priority":0}],[{"classname":"CardAugments.cardmods.rare.InvertedMod","toBlock":true,"priority":0}],[{"classname":"CardAugments.cardmods.common.GhostlyMod","priority":0}],[{"classname":"CardAugments.cardmods.uncommon.BloodyMod","priority":0}],null,[{"classname":"CardAugments.cardmods.common.SupplyMod","priority":0}],null,null,[{"classname":"CardAugments.cardmods.common.StickyMod","priority":0}],[{"classname":"CardAugments.cardmods.common.SlayerMod","priority":0}],[{"classname":"CardAugments.cardmods.common.QuickMod","priority":0}],null,null,[{"classname":"CardAugments.cardmods.uncommon.BloodyMod","priority":0}],[{"classname":"CardAugments.cardmods.common.TinyMod","priority":0}],[{"classname":"CardAugments.cardmods.rare.FlexMod","priority":0}],[{"classname":"CardAugments.cardmods.uncommon.SlipperyMod","discarded":false,"modMagic":false,"priority":0}],[{"classname":"CardAugments.cardmods.common.TinyMod","priority":0}],[{"classname":"CardAugments.cardmods.common.StickyMod","priority":0}],[{"classname":"CardAugments.cardmods.uncommon.PureMod","priority":0}],[{"classname":"CardAugments.cardmods.common.ReshuffleMod","priority":0}],[{"classname":"CardAugments.cardmods.common.MassiveMod","baseCost":1,"priority":0}],[{"classname":"CardAugments.cardmods.common.ShieldedMod","val":7,"modified":false,"upgraded":false,"priority":0}],null,[{"classname":"CardAugments.cardmods.rare.FlexMod","priority":0}],null,null,[{"classname":"CardAugments.cardmods.common.LuckyMod","val":1,"modified":false,"upgraded":false,"priority":0}],[{"classname":"CardAugments.cardmods.uncommon.NoxiousMod","priority":0}],null,null],"items_purchased":["OrangePellets","Poisoned Stab","Sling","Footwork","Acrobatics"],"campfire_rested":5,"item_purchase_floors":[20,20,23,36,36],"current_hp_per_floor":[60,60,60,48,40,40,23,44,44,17,70,65,54,48,69,61,70,60,60,60,60,60,60,56,45,45,30,30,18,18,18,54,51,70,70,70,58,55,48,48,70,68,68,68,70,70,61,46,70,0],"gold":349,"neow_bonus":"TRANSFORM_TWO_CARDS","is_prod":false,"is_daily":false,"chose_seed":false,"campfire_upgraded":1,"win_rate":0,"timestamp":1683929846,"path_taken":["M","M","M","M","M","R","E","R","T","E","?","E","M","M","R","BOSS","M","?","$","?","M","$","M","E","T","E","M","E","?","E","R","BOSS","M","$","M","M","M","E","R","M","T","E","M","R","?","E","R","BOSS"],"build_version":"2022-12-18","purchased_purges":2,"victory":false,"max_hp_per_floor":[70,70,70,70,70,70,70,70,70,70,70,70,70,70,70,70,70,70,70,70,70,70,70,70,70,70,70,70,70,70,70,70,70,70,70,70,70,70,70,70,70,70,70,70,70,70,70,70,70,70],"card_choices":[{"not_picked":["Outmaneuver","Prepared"],"picked":"Dagger Throw","floor":1},{"not_picked":["Glass Knife","Backflip"],"picked":"Slice","floor":2},{"not_picked":["Endless Agony","Infinite Blades","Dodge and Roll"],"picked":"SKIP","floor":3},{"not_picked":["Escape Plan","Dodge and Roll"],"picked":"Dagger Throw","floor":4},{"not_picked":["Sucker Punch","Blade Dance"],"picked":"Backflip","floor":5},{"not_picked":["Reflex","Quick Slash"],"picked":"Footwork","floor":7},{"not_picked":["Sucker Punch","Poisoned Stab","Phantasmal Killer"],"picked":"SKIP","floor":10},{"not_picked":["Accuracy","Bouncing Flask"],"picked":"Crippling Poison","floor":12},{"not_picked":["Terror","Blade Dance"],"picked":"Cloak And Dagger","floor":13},{"not_picked":["Endless Agony","Skewer","Backflip"],"picked":"SKIP","floor":14},{"not_picked":["Storm of Steel","Phantasmal Killer"],"picked":"Tools of the Trade","floor":16},{"not_picked":["Underhanded Strike","Slice+1"],"picked":"Tactician+1","floor":18},{"not_picked":["Eviscerate+1","Slice","PiercingWail"],"picked":"SKIP","floor":21},{"not_picked":["Poisoned Stab","Dagger Spray"],"picked":"Distraction+1","floor":22},{"not_picked":["Dagger Throw","Blur"],"picked":"Underhanded Strike","floor":24},{"not_picked":["Backflip","Quick Slash+1"],"picked":"Blade Dance","floor":25},{"not_picked":["Crippling Poison","Footwork"],"picked":"Dodge and Roll+1","floor":27},{"not_picked":["Backflip","Outmaneuver","Quick Slash"],"picked":"SKIP","floor":28},{"not_picked":["Crippling Poison","Flying Knee","Well Laid Plans"],"picked":"SKIP","floor":29},{"not_picked":["Finisher","Dagger Spray+1"],"picked":"Prepared+1","floor":31},{"not_picked":["Wraith Form v2","Adrenaline"],"picked":"After Image","floor":33},{"not_picked":["Cloak And Dagger+1","Dagger Throw+1"],"picked":"Distraction+1","floor":35},{"not_picked":["PiercingWail+1","Backflip+1"],"picked":"Calculated Gamble+1","floor":37},{"not_picked":["Dagger Spray","Masterful Stab+1","Poisoned Stab"],"picked":"SKIP","floor":38},{"not_picked":["Acrobatics","Dagger Throw"],"picked":"Terror","floor":39},{"not_picked":["Heel Hook+1","Unload","Flying Knee+1"],"picked":"SKIP","floor":40},{"not_picked":["Dagger Throw","Deadly Poison","Prepared+1"],"picked":"SKIP","floor":42},{"not_picked":["Unload","Dash+1","Skewer+1"],"picked":"SKIP","floor":44},{"not_picked":["Sucker Punch","Slice+1","Prepared"],"picked":"SKIP","floor":45},{"not_picked":["Underhanded Strike+1","Blade Dance","Concentrate+1"],"picked":"SKIP","floor":48}],"player_experience":1406844,"relics_obtained":[{"floor":7,"key":"Lantern"},{"floor":9,"key":"Centennial Puzzle"},{"floor":10,"key":"Smiling Mask"},{"floor":12,"key":"Sundial"},{"floor":25,"key":"War Paint"},{"floor":26,"key":"CeramicFish"},{"floor":27,"key":"Oddly Smooth Stone"},{"floor":29,"key":"Regal Pillow"},{"floor":31,"key":"Shuriken"},{"floor":40,"key":"Bag of Marbles"},{"floor":43,"key":"Vajra"},{"floor":44,"key":"Toy Ornithopter"},{"floor":48,"key":"Juzu Bracelet"}],"event_choices":[{"damage_healed":53,"gold_gain":0,"player_choice":"Full Heal","damage_taken":0,"max_hp_gain":0,"max_hp_loss":0,"event_name":"Wheel of Change","floor":11,"gold_loss":0},{"damage_healed":0,"gold_gain":0,"player_choice":"Bet on Murderer","damage_taken":0,"max_hp_gain":0,"max_hp_loss":0,"event_name":"The Joust","floor":19,"gold_loss":50},{"damage_healed":0,"gold_gain":0,"player_choice":"Ignored","damage_taken":0,"max_hp_gain":0,"max_hp_loss":0,"event_name":"betterNote:BetterNote","floor":30,"gold_loss":0,"cards_obtained":["Demon Form"]},{"damage_healed":0,"gold_gain":0,"player_choice":"Embrace Madness","damage_taken":9,"max_hp_gain":0,"max_hp_loss":0,"event_name":"Winding Halls","floor":47,"gold_loss":0,"cards_obtained":["Madness","Madness"]}],"is_beta":false,"boss_relics":[{"not_picked":["Tiny House","Calling Bell"],"picked":"Empty Cage"},{"not_picked":["Busted Crown","Runic Dome"],"picked":"Fusion Hammer"}],"items_purged_floors":[20,36],"is_endless":false,"potions_floor_spawned":[2,3,4,5,13,16,18,21,27,29,31,35,42,45,48],"killed_by":"Time Eater","ascension_level":4}