{"gold_per_floor":[113,18,28,48,68,101,113,125,137,163,175,187,199,211,223,312,324,355,380,187,102,112,112,124,157,157,157,157],"floor_reached":28,"playtime":1203,"items_purged":["Capacitor"],"score":501,"play_id":"e63f1d5d-9d83-4164-b60b-3b94d4e1f16f","local_time":"20221210112603","is_ascension_mode":true,"campfire_choices":[{"floor":7,"key":"REST"},{"floor":11,"key":"REST"},{"floor":13,"key":"REST"},{"floor":15,"key":"REST"},{"data":"Barrage","floor":23,"key":"SMITH"}],"neow_cost":"PERCENT_DAMAGE","seed_source_timestamp":324102396058300,"circlet_count":0,"master_deck":["AscendersBane","Strike_B","Strike_B","Strike_B","Strike_B","Defend_B","Defend_B","Defend_B","Defend_B","Zap","Dualcast","Electrodynamics+1","Reinforced Body","Storm","Leap","Steam","Leap+1","Biased Cognition","Leap","Conserve Battery","Barrage+1","Seek","Leap","Scrape+1","Self Repair","Leap","Go for the Eyes","Rainbow","Leap"],"relics":["Cracked Core","MawBank","Dream Catcher","FaceOfCleric","Inserter","Meat on the Bone","Ancient Tea Set","MealTicket"],"potions_floor_usage":[3,6,6,6,6,19,24,25],"damage_taken":[{"damage":1,"enemies":"Cultist","floor":1,"turns":4},{"damage":0,"enemies":"Small Slimes","floor":3,"turns":2},{"damage":8,"enemies":"Jaw Worm","floor":4,"turns":4},{"damage":14,"enemies":"3 Louse","floor":5,"turns":2},{"damage":15,"enemies":"3 Sentries","floor":6,"turns":5},{"damage":8,"enemies":"Looter","floor":10,"turns":4},{"damage":50,"enemies":"Hexaghost","floor":16,"turns":12},{"damage":11,"enemies":"Shell Parasite","floor":18,"turns":6},{"damage":11,"enemies":"Spheric Guardian","floor":19,"turns":4},{"damage":14,"enemies":"Centurion and Healer","floor":22,"turns":5},{"damage":0,"enemies":"3 Cultists","floor":24,"turns":3},{"damage":26,"enemies":"Slavers","floor":25,"turns":4},{"damage":38,"enemies":"Gremlin Leader","floor":28,"turns":6}],"seed_played":"9136501415274635079","potions_obtained":[{"floor":1,"key":"Fire Potion"},{"floor":3,"key":"Ancient Potion"},{"floor":5,"key":"EntropicBrew"},{"floor":18,"key":"Fruit Juice"},{"floor":22,"key":"DistilledChaos"},{"floor":24,"key":"AttackPotion"}],"is_trial":false,"path_per_floor":["M","$","M","M","M","E","R","$","T","M","R","?","R","?","R","B",null,"M","M","$","?","M","R","M","E","T","?","E"],"character_chosen":"DEFECT","items_purchased":["Storm","Leap","Self Repair","Leap"],"campfire_rested":4,"item_purchase_floors":[2,2,20,20],"current_hp_per_floor":[45,45,45,37,23,8,29,29,29,21,42,21,42,42,63,14,58,48,43,43,43,49,49,50,37,37,37,0],"gold":157,"neow_bonus":"THREE_RARE_CARDS","is_prod":false,"is_daily":false,"chose_seed":false,"campfire_upgraded":1,"win_rate":0,"timestamp":1670689563,"path_taken":["M","$","M","M","M","E","R","$","T","M","R","?","R","?","R","BOSS","M","M","$","?","M","R","M","E","T","?","E"],"build_version":"2022-12-01","purchased_purges":1,"victory":false,"max_hp_per_floor":[71,71,71,71,71,71,71,71,71,71,71,71,71,71,71,72,72,73,79,79,79,80,80,81,82,82,82,82],"card_choices":[{"not_picked":["Biased Cognition","Creative AI"],"picked":"Electrodynamics","floor":0},{"not_picked":["Beam Cell","Turbo"],"picked":"Reinforced Body","floor":1},{"not_picked":["Streamline","Leap"],"picked":"Steam","floor":3},{"not_picked":["Streamline","Barrage","Reprogram"],"picked":"SKIP","floor":4},{"not_picked":["Sweeping Beam","Go for the Eyes"],"picked":"Leap","floor":5},{"not_picked":["FTL","Scrape"],"picked":"Biased Cognition","floor":6},{"not_picked":["Streamline","Ball Lightning"],"picked":"Leap","floor":10},{"not_picked":["Force Field","Streamline"],"picked":"Capacitor","floor":11},{"not_picked":["Sunder","Capacitor"],"picked":"Conserve Battery","floor":13},{"not_picked":["Rebound","Cold Snap"],"picked":"Barrage","floor":15},{"not_picked":["Core Surge","Thunder Strike"],"picked":"Seek","floor":16},{"not_picked":["Stack","Doom and Gloom"],"picked":"Leap","floor":18},{"not_picked":["Double Energy","Hologram"],"picked":"Scrape+1","floor":19},{"not_picked":["Redo","Auto Shields"],"picked":"Go for the Eyes","floor":22},{"not_picked":["FTL","Loop"],"picked":"Rainbow","floor":24},{"not_picked":["Scrape","Auto Shields"],"picked":"Leap","floor":25}],"player_experience":1290788,"relics_obtained":[{"floor":6,"key":"MawBank"},{"floor":9,"key":"Dream Catcher"},{"floor":25,"key":"Ancient Tea Set"},{"floor":26,"key":"MealTicket"}],"event_choices":[{"damage_healed":0,"gold_gain":0,"player_choice":"Entered Light","damage_taken":21,"max_hp_gain":0,"max_hp_loss":0,"event_name":"Shining Light","floor":12,"gold_loss":0,"cards_upgraded":["Electrodynamics","Leap"]},{"damage_healed":0,"gold_gain":0,"player_choice":"Trade","damage_taken":0,"relics_obtained":["FaceOfCleric"],"max_hp_gain":0,"max_hp_loss":0,"event_name":"FaceTrader","floor":14,"gold_loss":0},{"damage_healed":0,"gold_gain":0,"player_choice":"Obtained Relic","damage_taken":0,"relics_obtained":["Meat on the Bone"],"max_hp_gain":0,"max_hp_loss":0,"event_name":"Addict","floor":21,"gold_loss":85},{"damage_healed":0,"gold_gain":0,"player_choice":"Ignored","damage_taken":0,"max_hp_gain":0,"max_hp_loss":0,"event_name":"The Mausoleum","floor":27,"gold_loss":0}],"is_beta":false,"boss_relics":[{"not_picked":["FrozenCore","Pandora\u0027s Box"],"picked":"Inserter"}],"items_purged_floors":[20],"is_endless":false,"potions_floor_spawned":[1,3,5,18,22,24],"killed_by":"Gremlin Leader","ascension_level":20}