{"gold_per_floor":[99,49,49,23,23,23,23,23,23,23,23,23,23,23,23,23,23,23,23,23,23,23,23,23,23,23,23,23,23,23,23,23,23,23,23,23,23,23,23,23,23,23,23,23,23,23,23],"floor_reached":47,"playtime":2437,"items_purged":[],"score":636,"play_id":"1ddb2a3b-1073-4181-b81a-c84b8415531f","local_time":"20230122121233","is_ascension_mode":true,"campfire_choices":[{"data":"Tempest","floor":6.0,"key":"SMITH"},{"data":"Leap","floor":15,"key":"SMITH"},{"data":"Sunder","floor":23,"key":"SMITH"},{"data":"Seek","floor":27,"key":"SMITH"},{"data":"Steam Power","floor":32,"key":"SMITH"},{"data":"Static Discharge","floor":40,"key":"SMITH"}],"neow_cost":"NONE","seed_source_timestamp":333283040267300,"circlet_count":0,"master_deck":["Defend_B+1","Defend_B+1","Defend_B+1","Defend_B+1","Zap","Dualcast","Tempest+1","Skim+1","Ball Lightning+1","Ball Lightning+1","Leap","Sunder+1","Redo","Leap+1","Seek+1","Multi-Cast+1","Amplify+1","Darkness+1","FTL+1","Undo","Seek+1","Doom and Gloom","Steam Power+1","Redo+1","Electrodynamics","Conserve Battery","Steam Power","Madness","Madness+1","Static Discharge+1","Turbo+1","Coolheaded+1","Self Repair"],"special_seed":0,"relics":["Ectoplasm","Potion Belt","Toy Ornithopter","HornCleat","Astrolabe","DataDisk","Happy Flower","Whetstone","The Courier","Inserter","Lizard Tail","Prayer Wheel","Orichalcum","War Paint","InkBottle"],"potions_floor_usage":[16,20,22,29,29,33,33,41,47,47,47],"damage_taken":[{"damage":11.0,"enemies":"Small Slimes","floor":1.0,"turns":4.0},{"damage":4.0,"enemies":"2 Louse","floor":3.0,"turns":3.0},{"damage":1.0,"enemies":"Cultist","floor":5.0,"turns":3.0},{"damage":5.0,"enemies":"3 Sentries","floor":8.0,"turns":4.0},{"damage":7,"enemies":"Lagavulin","floor":10,"turns":5},{"damage":16,"enemies":"Gremlin Nob","floor":12,"turns":3},{"damage":3,"enemies":"Exordium Wildlife","floor":13,"turns":2},{"damage":8,"enemies":"Hexaghost","floor":16,"turns":8},{"damage":0,"enemies":"Chosen","floor":18,"turns":3},{"damage":0,"enemies":"3 Byrds","floor":19,"turns":3},{"damage":5,"enemies":"Cultist and Chosen","floor":20,"turns":5},{"damage":2,"enemies":"Shelled Parasite and Fungi","floor":22,"turns":5},{"damage":7,"enemies":"Book of Stabbing","floor":24,"turns":5},{"damage":1,"enemies":"Snake Plant","floor":25,"turns":3},{"damage":1,"enemies":"Slavers","floor":29,"turns":4},{"damage":45,"enemies":"Champ","floor":33,"turns":8},{"damage":11,"enemies":"3 Darklings","floor":35,"turns":3},{"damage":8,"enemies":"2 Orb Walkers","floor":36,"turns":3},{"damage":7,"enemies":"Mind Bloom Boss Battle","floor":38,"turns":5},{"damage":0,"enemies":"Orb Walker","floor":39,"turns":3},{"damage":88,"enemies":"Giant Head","floor":41,"turns":7},{"damage":14,"enemies":"Maw","floor":45,"turns":7},{"damage":35,"enemies":"Transient","floor":47,"turns":5}],"seed_played":"-8246282908267078640","potions_obtained":[{"floor":3.0,"key":"ColorlessPotion"},{"floor":5.0,"key":"Fire Potion"},{"floor":10,"key":"BlessingOfTheForge"},{"floor":18,"key":"ColorlessPotion"},{"floor":22,"key":"EntropicBrew"},{"floor":35,"key":"SteroidPotion"},{"floor":36,"key":"SpeedPotion"},{"floor":41,"key":"Explosive Potion"}],"is_trial":false,"path_per_floor":["M","?","M","$","M","R","?","E","T","E","$","E","M","?","R","B",null,"M","M","M","?","M","R","E","M","T","R","?","E","T","$","R","B",null,"M","?","?","?","M","R","E","?","T","T","M","$","M"],"character_chosen":"DEFECT","items_purchased":["Ball Lightning"],"campfire_rested":0,"item_purchase_floors":[4],"current_hp_per_floor":[64,64,60,60,59,59,59,54,54,47,47,31,28,53,53,50,75,75,75,70,70,73,73,66,65,65,65,65,74,74,74,74,34,75,64,56,47,40,40,40,17,17,17,17,3,3,0],"gold":23,"neow_bonus":"BOSS_RELIC","is_prod":false,"is_daily":false,"chose_seed":false,"campfire_upgraded":6,"win_rate":0,"timestamp":1674407553,"path_taken":["M","?","M","$","M","R","?","E","T","E","$","E","?","?","R","BOSS","M","M","M","?","M","R","E","M","T","R","?","E","?","?","R","BOSS","M","?","?","?","M","R","E","?","T","?","?","?","M"],"build_version":"2022-12-18","purchased_purges":0,"victory":false,"max_hp_per_floor":[75,75,75,75,75,75,75,75,75,75,75,75,75,75,75,75,75,75,75,75,75,75,75,75,75,75,75,75,75,75,75,75,75,75,75,75,75,75,75,75,75,75,75,75,75,75,75],"card_choices":[{"not_picked":["Ball Lightning","Stack"],"picked":"Tempest","floor":1.0},{"not_picked":["Self Repair","Go for the Eyes"],"picked":"Skim","floor":3.0},{"not_picked":["Go for the Eyes","Aggregate"],"picked":"Ball Lightning","floor":5.0},{"not_picked":["Melter","Streamline"],"picked":"Leap","floor":8.0},{"not_picked":["Hologram","Rainbow"],"picked":"Sunder","floor":10},{"not_picked":["Force Field","Heatsinks"],"picked":"Redo","floor":12},{"not_picked":["Compile Driver","Heatsinks"],"picked":"Leap","floor":13},{"not_picked":["Amplify","Thunder Strike"],"picked":"Seek","floor":16},{"not_picked":["Steam","Beam Cell+1"],"picked":"FTL+1","floor":18},{"not_picked":["Steam","FTL"],"picked":"Undo","floor":19},{"not_picked":["Force Field","Auto Shields+1"],"picked":"Melter","floor":20},{"not_picked":["Chaos+1","Genetic Algorithm"],"picked":"Doom and Gloom","floor":22},{"not_picked":["Ball Lightning+1","Beam Cell","Barrage"],"picked":"SKIP","floor":24},{"not_picked":["Go for the Eyes","Scrape+1"],"picked":"Steam Power","floor":25},{"not_picked":["Creative AI","BootSequence"],"picked":"Redo+1","floor":29},{"not_picked":["Reboot","Multi-Cast"],"picked":"Electrodynamics","floor":33},{"not_picked":["Redo+1","Barrage"],"picked":"Conserve Battery","floor":35},{"not_picked":["Compile Driver","Beam Cell"],"picked":"Steam Power","floor":36},{"not_picked":["Compile Driver+1","Stack"],"picked":"Static Discharge","floor":38},{"not_picked":["Stack+1","Reinforced Body"],"picked":"Turbo+1","floor":39},{"not_picked":["Amplify","Cold Snap","Heatsinks"],"picked":"SKIP","floor":39},{"not_picked":["Capacitor+1","BootSequence"],"picked":"Coolheaded+1","floor":41},{"not_picked":["Stack+1","Chaos"],"picked":"Self Repair","floor":45},{"not_picked":["Coolheaded","Hologram+1","Redo+1"],"picked":"SKIP","floor":45}],"player_experience":1143617,"relics_obtained":[{"floor":8.0,"key":"Potion Belt"},{"floor":10,"key":"Toy Ornithopter"},{"floor":12,"key":"HornCleat"},{"floor":24,"key":"DataDisk"},{"floor":26,"key":"Happy Flower"},{"floor":29,"key":"Whetstone"},{"floor":30,"key":"The Courier"},{"floor":36,"key":"Lizard Tail"},{"floor":38,"key":"Prayer Wheel"},{"floor":41,"key":"Orichalcum"},{"floor":43,"key":"War Paint"},{"floor":44,"key":"InkBottle"}],"event_choices":[{"cards_removed":["Strike_B"],"damage_healed":0.0,"max_hp_gain":0.0,"max_hp_loss":0.0,"gold_gain":0.0,"event_name":"The Cleric","player_choice":"Card Removal","floor":2.0,"gold_loss":50.0,"damage_taken":0.0},{"damage_healed":0.0,"max_hp_gain":0.0,"max_hp_loss":0.0,"gold_gain":0.0,"event_name":"Accursed Blacksmith","player_choice":"Forge","floor":7.0,"gold_loss":0.0,"damage_taken":0.0,"cards_upgraded":["Ball Lightning"]},{"damage_healed":25,"gold_gain":0,"player_choice":"Banana","damage_taken":0,"max_hp_gain":0,"max_hp_loss":0,"event_name":"Big Fish","floor":14,"gold_loss":0},{"cards_removed":["Seek"],"damage_healed":0,"gold_gain":0,"player_choice":"Take \u0026 Give","damage_taken":0,"max_hp_gain":0,"max_hp_loss":0,"event_name":"betterNote:BetterNote","floor":21,"gold_loss":0,"cards_obtained":["Seek"]},{"damage_healed":0,"gold_gain":0,"player_choice":"Simplicity","damage_taken":0,"max_hp_gain":0,"max_hp_loss":0,"event_name":"Back to Basics","floor":28,"gold_loss":0,"cards_upgraded":["Defend_B","Defend_B","Defend_B","Defend_B"]},{"damage_healed":0,"gold_gain":0,"player_choice":"Fight","damage_taken":0,"max_hp_gain":0,"max_hp_loss":0,"event_name":"Mysterious Sphere","floor":36,"gold_loss":0},{"damage_healed":0,"gold_gain":0,"player_choice":"Embrace Madness","damage_taken":9,"max_hp_gain":0,"max_hp_loss":0,"event_name":"Winding Halls","floor":37,"gold_loss":0,"cards_obtained":["Madness","Madness"]},{"damage_healed":0,"gold_gain":0,"player_choice":"Fight","damage_taken":0,"max_hp_gain":0,"max_hp_loss":0,"event_name":"MindBloom","floor":38,"gold_loss":0},{"cards_removed":["Melter"],"damage_healed":0,"gold_gain":0,"player_choice":"Removed Attack","damage_taken":0,"max_hp_gain":0,"max_hp_loss":0,"event_name":"Falling","floor":42,"gold_loss":0}],"is_beta":false,"boss_relics":[{"not_picked":["Fusion Hammer","Busted Crown"],"picked":"Astrolabe"},{"not_picked":["Sozu","Snecko Eye"],"picked":"Inserter"}],"items_purged_floors":[],"is_endless":false,"potions_floor_spawned":[3,5,10,18,22,25,35,36,41],"killed_by":"Transient","ascension_level":4}