{"gold_per_floor":[110,121,196,5,5,5,33,43,114,146,165,165,175,175],"floor_reached":14,"playtime":626,"items_purged":[],"score":200,"play_id":"064cb997-dbea-4fae-ab60-9d810c5a58f1","local_time":"20230127010125","is_ascension_mode":true,"campfire_choices":[{"floor":6,"key":"REST"},{"floor":12,"key":"REST"}],"neow_cost":"NONE","seed_source_timestamp":168893153018400,"circlet_count":0,"master_deck":["AscendersBane","Strike_B+1","Strike_B+1","Strike_B","Strike_B","Defend_B","Defend_B","Defend_B","Defend_B","Zap","Dualcast","Fission","Glacier","Streamline","Ball Lightning","Loop","Coolheaded","Electrodynamics","Static Discharge","Seek+1","Glacier+1","Redo+1"],"relics":["Cracked Core","Whetstone","Toxic Egg 2","Boot"],"potions_floor_usage":[7,10,14],"damage_taken":[{"damage":11,"enemies":"Small Slimes","floor":1,"turns":4},{"damage":8,"enemies":"Jaw Worm","floor":2,"turns":5},{"damage":5,"enemies":"3 Sentries","floor":7,"turns":4},{"damage":0,"enemies":"Cultist","floor":8,"turns":3},{"damage":25,"enemies":"Lagavulin","floor":10,"turns":6},{"damage":23,"enemies":"Exordium Wildlife","floor":11,"turns":4},{"damage":3,"enemies":"Large Slime","floor":13,"turns":8},{"damage":42,"enemies":"Gremlin Nob","floor":14,"turns":3}],"seed_played":"1705243626630562334","potions_obtained":[{"floor":1,"key":"FocusPotion"},{"floor":8,"key":"Weak Potion"},{"floor":11,"key":"SkillPotion"}],"is_trial":false,"path_per_floor":["M","M","?","$","?","R","E","M","T","E","M","R","M","E"],"character_chosen":"DEFECT","items_purchased":["Ball Lightning","Loop","Coolheaded"],"campfire_rested":2,"item_purchase_floors":[4,4,4],"current_hp_per_floor":[53,45,34,34,34,55,50,50,50,25,2,23,20,0],"gold":175,"neow_bonus":"ONE_RANDOM_RARE_CARD","is_prod":false,"is_daily":false,"chose_seed":false,"campfire_upgraded":0,"win_rate":0,"timestamp":1674799285,"path_taken":["M","M","?","$","?","R","E","M","T","E","?","R","M","E"],"build_version":"2022-12-18","purchased_purges":0,"victory":false,"max_hp_per_floor":[71,71,71,71,71,71,71,71,71,71,71,71,71,71],"card_choices":[{"not_picked":["Hello World","Sweeping Beam"],"picked":"Glacier","floor":1},{"not_picked":["Rip and Tear","Melter"],"picked":"Streamline","floor":2},{"not_picked":["Barrage","Gash","Aggregate"],"picked":"SKIP","floor":7},{"not_picked":["Go for the Eyes","Lockon"],"picked":"Static Discharge","floor":8},{"not_picked":["Go for the Eyes","Beam Cell"],"picked":"Seek+1","floor":10},{"not_picked":["Tempest+1","Barrage"],"picked":"Glacier+1","floor":11},{"not_picked":["Leap+1","Go for the Eyes"],"picked":"Redo+1","floor":13}],"player_experience":1175370,"relics_obtained":[{"floor":7,"key":"Whetstone"},{"floor":9,"key":"Toxic Egg 2"},{"floor":10,"key":"Boot"}],"event_choices":[{"damage_healed":0,"gold_gain":75,"player_choice":"Gather Gold","damage_taken":11,"max_hp_gain":0,"max_hp_loss":0,"event_name":"World of Goop","floor":3,"gold_loss":0},{"damage_healed":0,"gold_gain":0,"player_choice":"1 cards matched","damage_taken":0,"max_hp_gain":0,"max_hp_loss":0,"event_name":"Match and Keep!","floor":5,"gold_loss":0,"cards_obtained":["Electrodynamics"]}],"is_beta":false,"boss_relics":[],"items_purged_floors":[],"is_endless":false,"potions_floor_spawned":[1,8,11],"killed_by":"Gremlin Nob","ascension_level":20}