{"neow_bonuses_skipped_log":["RANDOM_COLORLESS","TWENTY_PERCENT_HP_BONUS","BOSS_RELIC"],"potions_obtained_entropic_brew":[[],[],[],[],[],[],[],[],[],[],[],[],[],[],[],[],[],[],[],[],[],[],[],[],[],[],[],[],[],[],[],[],[],[],[],[],[],["SkillPotion","PowerPotion","PotionOfCapacity"],[],[],[],[],[],[],[],[],[],[],[],[],[],[],[],[],[]],"neow_costs_skipped_log":["NONE","CURSE","NONE"],"gold_per_floor":[111,122,71,146,157,174,30,30,30,55,55,80,95,106,106,202,202,216,245,12,25,25,25,42,67,90,90,10,35,53,29,29,131,131,145,15,62,112,38,72,72,72,72,107,107,107,118,18,18,18,18,18,18,45,45],"floor_reached":55,"playtime":5150,"items_purged":["Strike_B","Decay"],"score":1198,"play_id":"b5378002-f53b-48e8-a799-4af8e81a7bdd","local_time":"20230613024126","falling_options_log":["FTL","Biased Cognition"],"score_breakdown":["Floors Climbed (55): 275","Enemies Slain (12): 24","Exordium Elites Killed (2): 20","City Elites Killed (2): 40","Beyond Elites Killed (2): 60","Bosses Slain (3): 300","Librarian: 25","Champion (4): 100","Perfect (1): 50","Ascension (7): 304"],"is_ascension_mode":true,"potions_obtained_alchemize":[[],[],[],[],[],[],[],[],[],[],[],[],[],[],[],[],[],[],[],[],[],[],[],[],[],[],[],[],[],[],[],[],[],[],[],[],[],[],[],[],[],[],[],[],[],[],[],[],[],[],[],[],[],[],[]],"campfire_choices":[{"floor":11.0,"key":"REST"},{"floor":15.0,"key":"REST"},{"data":"Coolheaded","floor":23,"key":"SMITH"},{"data":"Buffer","floor":27,"key":"SMITH"},{"floor":32,"key":"REST"},{"data":"Seek","floor":41,"key":"SMITH"},{"data":"Blizzard","floor":45,"key":"SMITH"},{"floor":49,"key":"RECALL"},{"data":"Echo Form","floor":52,"key":"SMITH"}],"lesson_learned_per_floor":[[],[],[],[],[],[],[],[],[],[],[],[],[],[],[],[],[],[],[],[],[],[],[],[],[],[],[],[],[],[],[],[],[],[],[],[],[],[],[],[],[],[],[],[],[],[],[],[],[],[],[],[],[],[],[]],"neow_cost":"NONE","improvable_cards":{},"seed_source_timestamp":1288700923426300,"shop_contents":[{"floor":3,"relics":["InkBottle","Anchor","Sling"],"cards":["Sweeping Beam","Ball Lightning","Redo","Hello World","Good Instincts","Secret Weapon"],"potions":["Regen Potion","EssenceOfSteel","Block Potion"]},{"floor":7,"relics":["Lizard Tail","Bronze Scales","DollysMirror"],"cards":["Streamline","Reboot","Hello World","Impatience","Metamorphosis"],"potions":["FocusPotion","EssenceOfDarkness","Block Potion"]},{"floor":20,"relics":["Pantograph","Tiny Chest"],"cards":["Streamline","Redo","Defragment","Jack Of All Trades","Sadistic Nature"],"potions":["Regen Potion","Swift Potion","Weak Potion"]},{"floor":28,"relics":["Oddly Smooth Stone","Vajra","Chemical X"],"cards":["Doom and Gloom","Compile Driver","Redo","Coolheaded","Madness","Mayhem"],"potions":["SteroidPotion","FairyPotion","SteroidPotion"]},{"floor":31,"relics":["Thread and Needle","White Beast Statue","Orrery"],"cards":["Sunder","Stack","Hologram","Hello World","Discovery","Thinking Ahead"],"potions":["AttackPotion","ColorlessPotion","DuplicationPotion"]},{"floor":36,"relics":["Orichalcum","Incense Burner","Lee\u0027s Waffle"],"cards":["Streamline","Aggregate","Heatsinks","Flash of Steel","HandOfGreed"],"potions":["Block Potion","SkillPotion","GamblersBrew"]},{"floor":39,"relics":["Frozen Egg 2","Toxic Egg 2","Membership Card"],"cards":["Doom and Gloom","Darkness","Stack","Storm","Forethought","HandOfGreed"],"potions":["DistilledChaos","FocusPotion","EssenceOfSteel"]},{"floor":48,"relics":["Juzu Bracelet","Kunai","TheAbacus"],"cards":["Sweeping Beam","Cold Snap","Genetic Algorithm","Coolheaded","Capacitor","Panacea","Secret Technique"],"potions":["Fire Potion","PotionOfCapacity","GamblersBrew"]},{"floor":53,"relics":["StrikeDummy","Symbiotic Virus","Runic Capacitor"],"cards":["Doom and Gloom","FTL","Hologram","Undo","Self Repair","Madness","Secret Technique"],"potions":["Swift Potion","AttackPotion","FearPotion"]}],"circlet_count":0,"master_deck":["Zap","Dualcast","Sweeping Beam","Streamline","Glacier","Leap","Conserve Battery","Go for the Eyes","FTL","Coolheaded+1","Turbo","Conserve Battery","Buffer+1","Biased Cognition","Chill","Multi-Cast","White Noise","Hello World","Echo Form+1","Reinforced Body","Hologram","Force Field","Sweeping Beam","Coolheaded","Fusion+1","Coolheaded+1","Capacitor","Reboot","Go for the Eyes","Seek","Seek+1","Compile Driver","Self Repair+1","Blizzard+1","Panacea"],"special_seed":0,"potion_use_per_floor":[[],[],[],[],[],[],[],[],[],["Dexterity Potion"],[],[],[],[],[],["PowerPotion","LiquidMemories"],[],["Energy Potion"],["FearPotion"],[],[],[],[],[],["GamblersBrew"],[],[],[],[],["Energy Potion","Regen Potion"],[],[],[],[],[],[],[],["SpeedPotion","EntropicBrew","SkillPotion"],[],["PowerPotion"],[],[],[],[],[],[],[],[],[],["PotionOfCapacity"],[],[],[],["Block Potion"],["Explosive Potion"]],"relics":["Cracked Core","Ancient Tea Set","Cables","Shuriken","Sundial","Pandora\u0027s Box","Red Mask","OrangePellets","Gremlin Horn","Bag of Preparation","Mercury Hourglass","Busted Crown","Gambling Chip","Unceasing Top","Prayer Wheel","Omamori","FossilizedHelix"],"potions_floor_usage":[18,19,25,30,30,38,38,38,40,50,54,55],"damage_taken":[{"damage":2.0,"enemies":"Jaw Worm","floor":1.0,"turns":3.0},{"damage":1.0,"enemies":"Cultist","floor":2.0,"turns":3.0},{"damage":12.0,"enemies":"2 Louse","floor":5.0,"turns":3.0},{"damage":19.0,"enemies":"Large Slime","floor":6.0,"turns":9.0},{"damage":0.0,"enemies":"Lagavulin","floor":10.0,"turns":9.0},{"damage":4.0,"enemies":"3 Sentries","floor":12.0,"turns":7.0},{"damage":5.0,"enemies":"Exordium Wildlife","floor":13.0,"turns":3.0},{"damage":0.0,"enemies":"Looter","floor":14.0,"turns":3.0},{"damage":26.0,"enemies":"Hexaghost","floor":16.0,"turns":11.0},{"damage":20,"enemies":"Shell Parasite","floor":18,"turns":12},{"damage":2,"enemies":"Masked Bandits","floor":19,"turns":7},{"damage":0,"enemies":"2 Thieves","floor":21,"turns":5},{"damage":7,"enemies":"Shelled Parasite and Fungi","floor":24,"turns":7},{"damage":10,"enemies":"Book of Stabbing","floor":25,"turns":9},{"damage":2,"enemies":"Gremlin Leader","floor":29,"turns":4},{"damage":9,"enemies":"Centurion and Healer","floor":30,"turns":6},{"damage":14,"enemies":"Collector","floor":33,"turns":8},{"damage":0,"enemies":"Orb Walker","floor":35,"turns":5},{"damage":17,"enemies":"2 Orb Walkers","floor":37,"turns":10},{"damage":0,"enemies":"Mind Bloom Boss Battle","floor":38,"turns":8},{"damage":0,"enemies":"Reptomancer","floor":40,"turns":7},{"damage":0,"enemies":"Giant Head","floor":44,"turns":8},{"damage":0,"enemies":"3 Darklings","floor":47,"turns":3},{"damage":0,"enemies":"Time Eater","floor":50,"turns":15},{"damage":0,"enemies":"Shield and Spear","floor":54,"turns":5},{"damage":77,"enemies":"The Heart","floor":55,"turns":11}],"green_key_taken_log":40,"seed_played":"3568387567320511992","neow_bonus_log":{"cardsObtained":[],"cardsUpgraded":[],"cardsRemoved":[],"cardsTransformed":[],"relicsObtained":["Ancient Tea Set"],"maxHpGained":0,"goldGained":0,"damageTaken":0,"goldLost":0,"maxHpLost":0},"potions_obtained":[{"floor":6.0,"key":"Dexterity Potion"},{"floor":12.0,"key":"PowerPotion"},{"floor":13.0,"key":"LiquidMemories"},{"floor":14.0,"key":"Energy Potion"},{"floor":16.0,"key":"FearPotion"},{"floor":24,"key":"GamblersBrew"},{"floor":25,"key":"Energy Potion"},{"floor":29,"key":"Regen Potion"},{"floor":30,"key":"SpeedPotion"},{"floor":37,"key":"EntropicBrew"},{"floor":40,"key":"Block Potion"},{"floor":44,"key":"Explosive Potion"}],"is_trial":false,"path_per_floor":["M","M","$","?","M","M","$","?","T","E","R","E","M","M","R","B",null,"M","?","$","M","?","R","M","E","T","R","$","E","M","$","R","B",null,"M","$","?","?","$","E","R","?","T","E","R","?","M","$","R","B",null,"R","$","E","B"],"character_chosen":"DEFECT","basemod:card_modifiers":[null,null,null,null,null,null,null,null,null,null,null,null,null,null,null,null,null,null,null,null,null,null,null,null,null,null,null,null,null,null,null,null,null,null,null],"items_purchased":["Leap","Conserve Battery","Go for the Eyes","OrangePellets","Sweeping Beam","Coolheaded","Capacitor","Go for the Eyes","Seek","Compile Driver","Blizzard"],"campfire_rested":3,"item_purchase_floors":[3,7,7,20,20,20,28,31,36,36,39],"current_hp_per_floor":[66,65,65,54,42,23,23,23,23,23,45,41,36,36,58,32,64,44,42,42,42,42,42,35,25,25,25,25,23,29,29,51,37,66,66,66,49,49,49,59,59,54,54,74,74,74,74,74,74,74,75,75,75,75,0],"gold":45,"neow_bonus":"RANDOM_COMMON_RELIC","is_prod":false,"is_daily":false,"rewards_skipped":[],"chose_seed":false,"campfire_upgraded":5,"win_rate":0,"floor_exit_playtime":[42,82,104,107,136,235,259,272,276,394,398,499,549,588,592,755,779,1047,1235,1272,1405,1409,1420,1608,1876,1883,1903,1910,2052,2199,2214,2217,2470,2492,2607,2628,2865,3150,3165,3460,3467,3480,3499,3814,3828,3835,3953,3967,3970,4378,4389,4404,4412,4660],"timestamp":1686638486,"blue_key_relic_skipped_log":{"floor":43,"relicID":"Bottled Flame"},"path_taken":["M","M","$","?","M","M","$","?","T","E","R","E","?","M","R","BOSS","M","?","$","M","?","R","M","E","T","R","?","E","M","$","R","BOSS","M","$","?","?","$","E","R","?","T","E","R","?","M","?","R","BOSS","R","$","E","BOSS"],"build_version":"2022-12-18","purchased_purges":2,"victory":false,"max_hp_per_floor":[75,75,75,75,75,75,75,75,75,75,75,75,75,75,75,75,75,75,75,75,75,75,75,75,75,75,75,75,75,75,75,75,75,75,75,75,75,75,75,75,75,75,75,75,75,75,75,75,75,75,75,75,75,75,75],"card_choices":[{"not_picked":["Hologram","Rebound"],"picked":"Sweeping Beam","floor":1.0},{"not_picked":["Ball Lightning","Melter"],"picked":"Streamline","floor":2.0},{"not_picked":["Fusion","Redo"],"picked":"Glacier","floor":5.0},{"not_picked":["Reboot","Ball Lightning"],"picked":"Leap","floor":6.0},{"not_picked":["Redo","Fusion"],"picked":"FTL","floor":10.0},{"not_picked":["Lockon","Core Surge"],"picked":"Coolheaded","floor":12.0},{"not_picked":["Lockon","Redo"],"picked":"Turbo","floor":13.0},{"not_picked":["Redo","Streamline"],"picked":"Conserve Battery","floor":14.0},{"not_picked":["Reboot","Electrodynamics"],"picked":"Buffer","floor":16.0},{"not_picked":["Rebound+1","Scrape"],"picked":"Hologram","floor":18},{"not_picked":["Storm","Gash"],"picked":"Force Field","floor":19},{"not_picked":["Auto Shields","Compile Driver"],"picked":"Fusion+1","floor":21},{"not_picked":["Rainbow","Hologram+1"],"picked":"Coolheaded+1","floor":24},{"not_picked":["Ball Lightning","Meteor Strike","Conserve Battery"],"picked":"SKIP","floor":25},{"not_picked":["Ball Lightning+1","Doom and Gloom"],"picked":"Reboot","floor":29},{"not_picked":["White Noise+1","Cold Snap+1","Chill"],"picked":"SKIP","floor":30},{"not_picked":["Machine Learning","Buffer"],"picked":"Seek","floor":33},{"not_picked":["Redo"],"picked":"SKIP","floor":35},{"not_picked":["Sweeping Beam"],"picked":"SKIP","floor":37},{"not_picked":[],"picked":"Self Repair+1","floor":38},{"not_picked":["Hello World+1"],"picked":"SKIP","floor":40},{"not_picked":[],"picked":"Panacea","floor":42},{"not_picked":["Mind Blast"],"picked":"SKIP","floor":42},{"not_picked":["Lockon+1"],"picked":"SKIP","floor":44},{"not_picked":["Double Energy+1"],"picked":"SKIP","floor":47},{"not_picked":["Melter"],"picked":"SKIP","floor":47},{"not_picked":["Ball Lightning+1"],"picked":"SKIP","floor":54}],"player_experience":1448219,"relics_obtained":[{"floor":9.0,"key":"Cables"},{"floor":10.0,"key":"Shuriken"},{"floor":12.0,"key":"Sundial"},{"floor":19,"key":"Red Mask"},{"floor":25,"key":"Gremlin Horn"},{"floor":26,"key":"Bag of Preparation"},{"floor":29,"key":"Mercury Hourglass"},{"floor":37,"key":"Gambling Chip"},{"floor":38,"key":"Unceasing Top"},{"floor":40,"key":"Prayer Wheel"},{"floor":44,"key":"Omamori"},{"floor":54,"key":"FossilizedHelix"}],"event_choices":[{"damage_healed":0.0,"max_hp_gain":0.0,"max_hp_loss":0.0,"gold_gain":75.0,"event_name":"World of Goop","player_choice":"Gather Gold","floor":4.0,"gold_loss":0.0,"damage_taken":11.0},{"damage_healed":0.0,"max_hp_gain":0.0,"max_hp_loss":0.0,"gold_gain":0.0,"event_name":"Wheel of Change","player_choice":"Cursed","floor":8.0,"gold_loss":0.0,"damage_taken":0.0,"cards_obtained":["Decay"]},{"damage_healed":0,"gold_gain":0,"player_choice":"Fought Bandits","damage_taken":0,"max_hp_gain":0,"max_hp_loss":0,"event_name":"Masked Bandits","floor":19,"gold_loss":0},{"damage_healed":0,"gold_gain":0,"player_choice":"Ignored","damage_taken":0,"max_hp_gain":0,"max_hp_loss":0,"event_name":"Vampires","floor":22,"gold_loss":0},{"damage_healed":0,"gold_gain":0,"player_choice":"Fight","damage_taken":0,"max_hp_gain":0,"max_hp_loss":0,"event_name":"Mysterious Sphere","floor":37,"gold_loss":0},{"damage_healed":0,"gold_gain":0,"player_choice":"Fight","damage_taken":0,"max_hp_gain":0,"max_hp_loss":0,"event_name":"MindBloom","floor":38,"gold_loss":0},{"damage_healed":0,"gold_gain":0,"player_choice":"Memory 2","damage_taken":5,"max_hp_gain":0,"max_hp_loss":0,"event_name":"SensoryStone","floor":42,"gold_loss":0},{"cards_removed":["Leap"],"damage_healed":0,"gold_gain":0,"player_choice":"Removed Skill","damage_taken":0,"max_hp_gain":0,"max_hp_loss":0,"event_name":"Falling","floor":46,"gold_loss":0}],"is_beta":false,"boss_relics":[{"not_picked":["Philosopher\u0027s Stone","SlaversCollar"],"picked":"Pandora\u0027s Box"},{"not_picked":["Fusion Hammer","Calling Bell"],"picked":"Busted Crown"}],"items_purged_floors":[7,48],"is_endless":false,"potions_floor_spawned":[6,12,13,14,16,24,25,29,30,37,40,44],"killed_by":"The Heart","ascension_level":7,"potion_discard_per_floor":[[],[],[],[],[],[],[],[],[],[],[],[],[],[],[],[],[],[],[],[],[],[],[],[],[],[],[],[],[],[],[],[],[],[],[],[],[],[],[],[],[],[],[],[],[],[],[],[],[],[],[],[],[],[],[]]}