{"gold_per_floor":[113,113,113,8,28,63,63,75,99,99,127,77,77,94,94,189,189,209,14,14,14,28,56,56,56,138,173,173,183,183],"floor_reached":30,"playtime":1894,"items_purged":[],"score":389,"play_id":"ded70c00-9491-44bf-9a08-3d2cc5d4b785","local_time":"20230611164341","is_ascension_mode":true,"campfire_choices":[{"data":"White Noise","floor":10,"key":"SMITH"},{"floor":13,"key":"REST"},{"floor":15,"key":"REST"},{"data":"Conserve Battery","floor":24,"key":"SMITH"}],"neow_cost":"NONE","seed_source_timestamp":1223894527540300,"circlet_count":0,"master_deck":["Strike_B","Strike_B","Defend_B","Defend_B","Defend_B","Defend_B+1","Zap","Dualcast+1","Streamline","Darkness","Sweeping Beam","Ball Lightning","Biased Cognition","White Noise+1","Capacitor","Steam","Rainbow","Defragment+1","Conserve Battery+1","Loop+1","Go for the Eyes+1"],"relics":["Cracked Core","NeowsBlessing","Juzu Bracelet","Ancient Tea Set","Happy Flower","Runic Pyramid","PreservedInsect","Lantern","Eternal Feather","Tiny Chest"],"potions_floor_usage":[11,22,23,23],"damage_taken":[{"damage":0,"enemies":"Small Slimes","floor":1,"turns":1},{"damage":0,"enemies":"2 Louse","floor":5,"turns":1},{"damage":0,"enemies":"Lagavulin","floor":6,"turns":1},{"damage":1,"enemies":"Cultist","floor":8,"turns":3},{"damage":38,"enemies":"Gremlin Nob","floor":11,"turns":4},{"damage":0,"enemies":"Large Slime","floor":14,"turns":3},{"damage":33,"enemies":"Slime Boss","floor":16,"turns":8},{"damage":33,"enemies":"2 Thieves","floor":18,"turns":4},{"damage":13,"enemies":"3 Byrds","floor":22,"turns":5},{"damage":24,"enemies":"Book of Stabbing","floor":23,"turns":5},{"damage":10,"enemies":"Gremlin Leader","floor":27,"turns":5},{"damage":25,"enemies":"Snake Plant","floor":29,"turns":5},{"damage":0,"enemies":"Cultist and Chosen","floor":30,"turns":1}],"seed_played":"531557816267461775","potions_obtained":[{"floor":6,"key":"GamblersBrew"},{"floor":11,"key":"Energy Potion"},{"floor":16,"key":"Dexterity Potion"},{"floor":18,"key":"Ancient Potion"},{"floor":22,"key":"PotionOfCapacity"},{"floor":27,"key":"FocusPotion"}],"is_trial":false,"path_per_floor":["M","?","?","$","M","E","?","M","T","R","E","?","R","M","R","B",null,"M","$","?","?","M","E","R","?","T","E","?","M","M"],"character_chosen":"DEFECT","basemod:card_modifiers":[null,null,null,null,null,null,null,null,null,null,null,null,null,null,null,null,null,null,null,null,null],"items_purchased":["Darkness","Sweeping Beam","Conserve Battery","PreservedInsect"],"campfire_rested":2,"item_purchase_floors":[4,4,19,19],"current_hp_per_floor":[68,61,46,46,46,46,46,45,45,45,7,7,29,29,51,18,61,28,28,28,75,62,38,38,38,38,28,28,3,3],"gold":183,"neow_bonus":"THREE_ENEMY_KILL","is_prod":false,"is_daily":false,"chose_seed":false,"campfire_upgraded":2,"win_rate":0,"timestamp":1686516221,"path_taken":["M","?","?","$","M","E","?","M","T","R","E","?","R","M","R","BOSS","M","$","?","?","M","E","R","?","T","E","?","M","M"],"build_version":"2022-12-18","purchased_purges":0,"victory":false,"max_hp_per_floor":[75,75,75,75,75,75,75,75,75,75,75,75,75,75,75,75,75,75,75,75,75,75,75,75,75,75,75,75,75,75],"card_choices":[{"not_picked":["Hologram","Turbo"],"picked":"Streamline","floor":1},{"not_picked":["Double Energy","Compile Driver"],"picked":"Ball Lightning","floor":5},{"not_picked":["Rebound","Melter"],"picked":"Biased Cognition","floor":6},{"not_picked":["Hologram","Streamline"],"picked":"Capacitor","floor":8},{"not_picked":["Streamline","Barrage","Stack"],"picked":"SKIP","floor":11},{"not_picked":["Turbo","Beam Cell"],"picked":"Steam","floor":14},{"not_picked":["Creative AI","All For One"],"picked":"Rainbow","floor":16},{"not_picked":["Gash","Turbo"],"picked":"Defragment+1","floor":18},{"not_picked":["Capacitor","Sweeping Beam+1","Beam Cell+1"],"picked":"SKIP","floor":22},{"not_picked":["Beam Cell","Rebound"],"picked":"Loop","floor":23},{"not_picked":["Capacitor","Creative AI","Go for the Eyes+1"],"picked":"SKIP","floor":27},{"not_picked":["Ball Lightning+1","Gash"],"picked":"Go for the Eyes+1","floor":29}],"player_experience":1441121,"relics_obtained":[{"floor":6,"key":"Juzu Bracelet"},{"floor":9,"key":"Ancient Tea Set"},{"floor":11,"key":"Happy Flower"},{"floor":23,"key":"Lantern"},{"floor":26,"key":"Eternal Feather"},{"floor":27,"key":"Tiny Chest"}],"event_choices":[{"cards_removed":["Strike_B"],"damage_healed":0,"gold_gain":0,"player_choice":"Card Removal","damage_taken":7,"max_hp_gain":0,"max_hp_loss":0,"event_name":"Golden Wing","floor":2,"gold_loss":0},{"damage_healed":0,"gold_gain":0,"player_choice":"Entered Light","damage_taken":15,"max_hp_gain":0,"max_hp_loss":0,"event_name":"Shining Light","floor":3,"gold_loss":0,"cards_upgraded":["Defend_B","Dualcast"]},{"damage_healed":0,"gold_gain":0,"player_choice":"1 cards matched","damage_taken":0,"max_hp_gain":0,"max_hp_loss":0,"event_name":"Match and Keep!","floor":7,"gold_loss":0,"cards_obtained":["White Noise"]},{"cards_removed":["Strike_B"],"damage_healed":0,"gold_gain":0,"player_choice":"Card Removal","damage_taken":0,"max_hp_gain":0,"max_hp_loss":0,"event_name":"The Cleric","floor":12,"gold_loss":50},{"damage_healed":0,"gold_gain":0,"player_choice":"Ignored","damage_taken":0,"max_hp_gain":0,"max_hp_loss":0,"event_name":"Cursed Tome","floor":20,"gold_loss":0},{"damage_healed":47,"gold_gain":0,"player_choice":"Full Heal","damage_taken":0,"max_hp_gain":0,"max_hp_loss":0,"event_name":"Wheel of Change","floor":21,"gold_loss":0},{"damage_healed":0,"gold_gain":0,"player_choice":"Ignored","damage_taken":0,"max_hp_gain":0,"max_hp_loss":0,"event_name":"The Mausoleum","floor":25,"gold_loss":0},{"damage_healed":0,"gold_gain":0,"player_choice":"Upgraded","damage_taken":0,"max_hp_gain":0,"max_hp_loss":0,"event_name":"Upgrade Shrine","floor":28,"gold_loss":0,"cards_upgraded":["Loop"]}],"is_beta":false,"boss_relics":[{"not_picked":["Inserter","Busted Crown"],"picked":"Runic Pyramid"}],"items_purged_floors":[],"is_endless":false,"potions_floor_spawned":[6,11,16,18,22,27],"killed_by":"Cultist and Chosen","ascension_level":6}