{"gold_per_floor":[212,17,28,38,113,138,154,154,227,227,227,246,302,302,302,401,401,421,421,336,105,124,159,159,159,159,191,191,203,219,235,235,339,339,353,363,375,13,0,0,0,0,68,68,45,60,80,8,8,8,8,8,8,42,42],"floor_reached":55,"playtime":2565,"items_purged":[],"score":680,"play_id":"6122fb31-ed41-4cca-a4d6-db75c595246b","local_time":"20221128210454","is_ascension_mode":false,"campfire_choices":[{"data":"Wild Strike","floor":8.0,"key":"SMITH"},{"data":"Bash","floor":10.0,"key":"SMITH"},{"data":"Inflame","floor":15.0,"key":"SMITH"},{"data":"Double Tap","floor":24.0,"key":"SMITH"},{"data":"1","floor":28.0,"key":"LIFT"},{"data":"2","floor":32.0,"key":"LIFT"},{"floor":40.0,"key":"RECALL"},{"data":"Limit Break","floor":42.0,"key":"SMITH"},{"data":"3","floor":44.0,"key":"LIFT"},{"data":"True Grit","floor":49.0,"key":"SMITH"},{"data":"Defend_R","floor":52.0,"key":"SMITH"}],"neow_cost":"NONE","seed_source_timestamp":1134896173105100,"circlet_count":0,"master_deck":["Strike_R","Strike_R","Strike_R","Strike_R+1","Defend_R+1","Defend_R","Defend_R","Defend_R","Bash+1","Cleave+1","Clash","Inflame+1","Wild Strike+1","Cleave","Clash","Parasite","Metallicize","Blind","Double Tap+1","Inflame","Clash","Sever Soul","Limit Break+1","True Grit+1","Clash+1","Havoc+1","Power Through","True Grit+1","Sentinel+1","Blood for Blood","Limit Break"],"special_seed":0,"relics":["Black Blood","HandDrill","Thread and Needle","Blue Candle","Nunchaku","Sozu","InkBottle","Blood Vial","FossilizedHelix","Eternal Feather","Girya","TungstenRod","Red Mask","Ginger"],"potions_floor_usage":[],"damage_taken":[{"damage":8.0,"enemies":"2 Louse","floor":1.0,"turns":3.0},{"damage":6.0,"enemies":"Jaw Worm","floor":3.0,"turns":2.0},{"damage":0.0,"enemies":"Cultist","floor":4.0,"turns":3.0},{"damage":26.0,"enemies":"Lagavulin","floor":6.0,"turns":6.0},{"damage":6.0,"enemies":"Large Slime","floor":7.0,"turns":5.0},{"damage":3.0,"enemies":"Blue Slaver","floor":12.0,"turns":2.0},{"damage":10.0,"enemies":"Gremlin Nob","floor":13.0,"turns":3.0},{"damage":39.0,"enemies":"Hexaghost","floor":16.0,"turns":9.0},{"damage":0.0,"enemies":"3 Byrds","floor":18.0,"turns":2.0},{"damage":0.0,"enemies":"Chosen","floor":22.0,"turns":4.0},{"damage":38.0,"enemies":"Slavers","floor":23.0,"turns":6.0},{"damage":6.0,"enemies":"Gremlin Leader","floor":27.0,"turns":4.0},{"damage":9.0,"enemies":"Shelled Parasite and Fungi","floor":29.0,"turns":2.0},{"damage":13.0,"enemies":"3 Cultists","floor":30.0,"turns":4.0},{"damage":0.0,"enemies":"Centurion and Healer","floor":31.0,"turns":3.0},{"damage":71.0,"enemies":"Champ","floor":33.0,"turns":8.0},{"damage":0.0,"enemies":"3 Darklings","floor":35.0,"turns":2.0},{"damage":13.0,"enemies":"3 Shapes","floor":36.0,"turns":3.0},{"damage":13.0,"enemies":"Jaw Worm Horde","floor":37.0,"turns":4.0},{"damage":0.0,"enemies":"Transient","floor":46.0,"turns":5.0},{"damage":0.0,"enemies":"3 Darklings","floor":47.0,"turns":3.0},{"damage":79.0,"enemies":"Awakened One","floor":50.0,"turns":11.0},{"damage":45.0,"enemies":"Shield and Spear","floor":54.0,"turns":6.0},{"damage":51,"enemies":"The Heart","floor":55,"turns":5}],"seed_played":"-5240045261267700857","potions_obtained":[{"floor":6.0,"key":"LiquidBronze"},{"floor":7.0,"key":"Swift Potion"},{"floor":16.0,"key":"LiquidBronze"}],"is_trial":false,"path_per_floor":["M","$","M","M","?","E","M","R","T","R","?","M","?","?","R","B",null,"M","?","?","$","M","E","R","?","T","E","R","M","M","M","R","B",null,"M","M","M","$","?","R","?","R","T","R","$","M","M","$","R","B",null,"R","$","E","B"],"character_chosen":"IRONCLAD","items_purchased":["Clash","HandDrill","Blind","Blood Vial","TungstenRod","Power Through","True Grit","Blood for Blood"],"campfire_rested":0,"item_purchase_floors":[2,2,21,21,38,38,45,48],"current_hp_per_floor":[78,78,78,80,69,49,49,49,49,49,33,36,32,52,52,19,80,80,80,80,80,80,48,48,48,48,50,62,61,56,64,76,13,80,80,79,79,79,79,80,80,80,80,80,80,80,80,80,80,13,80,80,80,47,0],"gold":42,"neow_bonus":"HUNDRED_GOLD","is_prod":false,"is_daily":false,"chose_seed":false,"campfire_upgraded":7,"win_rate":0,"timestamp":1669687494,"path_taken":["M","$","M","M","?","E","M","R","T","R","?","M","?","?","R","BOSS","M","?","?","$","M","E","R","?","T","E","R","?","M","M","R","BOSS","M","?","M","$","?","R","?","R","T","R","$","?","M","?","R","BOSS","R","$","E","BOSS"],"build_version":"2022-10-04","purchased_purges":0,"victory":false,"max_hp_per_floor":[80,80,80,80,80,80,80,80,80,80,80,80,80,80,80,80,80,80,80,80,80,80,80,80,80,80,80,80,80,80,80,80,80,80,80,80,80,80,80,80,80,80,80,80,80,80,80,80,80,80,80,80,80,80,80],"card_choices":[{"not_picked":["Thunderclap","Perfected Strike"],"picked":"Cleave","floor":1.0},{"not_picked":["Bloodletting","Feel No Pain","Fire Breathing"],"picked":"SKIP","floor":3.0},{"not_picked":["Body Slam","Heavy Blade"],"picked":"Inflame","floor":4.0},{"not_picked":["Sentinel","Twin Strike","True Grit"],"picked":"SKIP","floor":6.0},{"not_picked":["Iron Wave","Evolve"],"picked":"Wild Strike","floor":7.0},{"not_picked":["Blood for Blood","Rupture"],"picked":"Cleave","floor":12.0},{"not_picked":["Iron Wave","Seeing Red"],"picked":"Clash","floor":13.0},{"not_picked":["Pommel Strike","Armaments","Ghostly Armor"],"picked":"SKIP","floor":18.0},{"not_picked":["Headbutt","Sword Boomerang+1","Flex"],"picked":"SKIP","floor":22.0},{"not_picked":["Reckless Charge","Whirlwind"],"picked":"Double Tap","floor":23.0},{"not_picked":["Heavy Blade","Wild Strike"],"picked":"Inflame","floor":27.0},{"not_picked":["Iron Wave","True Grit"],"picked":"Clash","floor":29.0},{"not_picked":["Intimidate","Twin Strike"],"picked":"Sever Soul","floor":30.0},{"not_picked":["Thunderclap","Battle Trance","Heavy Blade+1"],"picked":"SKIP","floor":31.0},{"not_picked":["Offering","Feed"],"picked":"Limit Break","floor":33.0},{"not_picked":["Clothesline","Uppercut+1"],"picked":"True Grit+1","floor":35.0},{"not_picked":["Heavy Blade+1","Armaments+1"],"picked":"Clash+1","floor":36.0},{"not_picked":["Wild Strike+1","Sentinel"],"picked":"Havoc+1","floor":37.0},{"not_picked":["Spot Weakness","Anger+1"],"picked":"Sentinel+1","floor":46.0},{"not_picked":["Warcry+1","Infernal Blade+1","Juggernaut"],"picked":"SKIP","floor":47.0},{"not_picked":["Shrug It Off","Warcry+1"],"picked":"Limit Break","floor":54.0}],"player_experience":1237063,"relics_obtained":[{"floor":6.0,"key":"Thread and Needle"},{"floor":9.0,"key":"Blue Candle"},{"floor":13.0,"key":"Nunchaku"},{"floor":23.0,"key":"FossilizedHelix"},{"floor":26.0,"key":"Eternal Feather"},{"floor":27.0,"key":"Girya"},{"floor":54.0,"key":"Ginger"}],"event_choices":[{"damage_healed":0.0,"max_hp_gain":0.0,"max_hp_loss":0.0,"gold_gain":75.0,"event_name":"World of Goop","player_choice":"Gather Gold","floor":5.0,"gold_loss":0.0,"damage_taken":11.0},{"damage_healed":0.0,"max_hp_gain":0.0,"max_hp_loss":0.0,"gold_gain":0.0,"event_name":"Shining Light","player_choice":"Entered Light","floor":11.0,"gold_loss":0.0,"damage_taken":16.0,"cards_upgraded":["Strike_R","Cleave"]},{"damage_healed":0.0,"max_hp_gain":0.0,"max_hp_loss":0.0,"gold_gain":0.0,"event_name":"Dead Adventurer","player_choice":"Searched \u00271\u0027 times","floor":13.0,"gold_loss":0.0,"damage_taken":0.0},{"damage_healed":20.0,"max_hp_gain":0.0,"max_hp_loss":0.0,"gold_gain":0.0,"event_name":"Mushrooms","player_choice":"Healed and dodged fight","floor":14.0,"gold_loss":0.0,"damage_taken":0.0,"cards_obtained":["Parasite"]},{"damage_healed":0.0,"max_hp_gain":0.0,"max_hp_loss":0.0,"gold_gain":0.0,"event_name":"The Library","player_choice":"Read","floor":19.0,"gold_loss":0.0,"damage_taken":0.0,"cards_obtained":["Metallicize"]},{"damage_healed":0.0,"max_hp_gain":0.0,"max_hp_loss":0.0,"gold_gain":0.0,"event_name":"Addict","player_choice":"Obtained Relic","floor":20.0,"gold_loss":85.0,"damage_taken":0.0,"relics_obtained":["InkBottle"]},{"damage_healed":0.0,"max_hp_gain":0.0,"max_hp_loss":0.0,"gold_gain":0.0,"event_name":"Ghosts","player_choice":"Ignored","floor":25.0,"gold_loss":0.0,"damage_taken":0.0},{"damage_healed":0.0,"max_hp_gain":0.0,"max_hp_loss":0.0,"gold_gain":0.0,"event_name":"Tomb of Lord Red Mask","player_choice":"Paid","floor":39.0,"gold_loss":13.0,"damage_taken":0.0,"relics_obtained":["Red Mask"]},{"cards_removed":["Strike_R"],"damage_healed":0.0,"max_hp_gain":0.0,"max_hp_loss":0.0,"gold_gain":0.0,"event_name":"Purifier","player_choice":"Purged","floor":41.0,"gold_loss":0.0,"damage_taken":0.0}],"is_beta":false,"boss_relics":[{"not_picked":["Runic Pyramid","Coffee Dripper"],"picked":"Sozu"},{"not_picked":["SacredBark","Tiny House"],"picked":"Black Blood"}],"items_purged_floors":[],"is_endless":false,"potions_floor_spawned":[6,7,16,18,23,27,29,33,35,37,47],"killed_by":"The Heart","ascension_level":0}