{"gold_per_floor":[116,116,116,137,34,34,78,78,78,96,96,131,152,69,69,199,199,217,217,235,235,2,33,47,47,47,47,67,102,120,140,140,271,271,289,37,53,74,74,107,107,147,147,170,183,261,324,344,344,344],"floor_reached":51,"playtime":24755,"items_purged":["Strike_R","Demon Form"],"score":732,"play_id":"b3dc4669-3d76-4b5c-8ac2-fe0d62c39508","local_time":"20221210222117","is_ascension_mode":false,"campfire_choices":[{"data":"Armaments","floor":6,"key":"SMITH"},{"data":"True Grit","floor":8,"key":"SMITH"},{"data":"Pommel Strike","floor":15,"key":"SMITH"},{"floor":27,"key":"REST"},{"floor":32,"key":"REST"},{"floor":41,"key":"REST"},{"floor":49,"key":"REST"}],"neow_cost":"NONE","seed_source_timestamp":339883276009000,"circlet_count":0,"master_deck":["Strike_R","Strike_R","Strike_R","Defend_R","Defend_R","Defend_R","Defend_R","Bash","Cleave","Thunderclap","Infernal Blade","Armaments+1","True Grit+1","Shrug It Off","Pommel Strike+1","Intimidate+1","Perfected Strike","Juggernaut","Shrug It Off","Flex+1","Ghostly Armor","Metallicize","Body Slam","Twin Strike","Dark Embrace","Warcry+1","Impervious","Combust+1","Offering","Body Slam","Flame Barrier"],"relics":["Burning Blood","Ancient Tea Set","Golden Idol","Boot","Dream Catcher","Bronze Scales","Meat on the Bone","Fusion Hammer","MealTicket","Champion Belt","StrikeDummy","Singing Bowl","Philosopher\u0027s Stone","ClockworkSouvenir","Incense Burner","Red Skull","Calipers","Mercury Hourglass","Du-Vu Doll"],"potions_floor_usage":[7,12,23,29,31,37,45,47,47,50,50],"damage_taken":[{"damage":1,"enemies":"Cultist","floor":1,"turns":3},{"damage":2,"enemies":"Small Slimes","floor":4,"turns":4},{"damage":21,"enemies":"Lagavulin","floor":7,"turns":7},{"damage":6,"enemies":"Jaw Worm","floor":10,"turns":2},{"damage":14,"enemies":"Gremlin Nob","floor":12,"turns":3},{"damage":0,"enemies":"3 Louse","floor":13,"turns":1},{"damage":44,"enemies":"Hexaghost","floor":16,"turns":10},{"damage":15,"enemies":"Shell Parasite","floor":18,"turns":5},{"damage":1,"enemies":"3 Byrds","floor":20,"turns":4},{"damage":16,"enemies":"Gremlin Leader","floor":23,"turns":8},{"damage":16,"enemies":"Cultist and Chosen","floor":24,"turns":6},{"damage":3,"enemies":"Shelled Parasite and Fungi","floor":28,"turns":3},{"damage":16,"enemies":"Slavers","floor":29,"turns":5},{"damage":15,"enemies":"Centurion and Healer","floor":30,"turns":5},{"damage":0,"enemies":"3 Cultists","floor":31,"turns":4},{"damage":56,"enemies":"Automaton","floor":33,"turns":11},{"damage":0,"enemies":"Orb Walker","floor":35,"turns":5},{"damage":22,"enemies":"3 Darklings","floor":37,"turns":4},{"damage":6,"enemies":"Spire Growth","floor":38,"turns":4},{"damage":40,"enemies":"Giant Head","floor":40,"turns":8},{"damage":30,"enemies":"Reptomancer","floor":42,"turns":6},{"damage":31,"enemies":"Maw","floor":44,"turns":6},{"damage":2,"enemies":"Transient","floor":45,"turns":5},{"damage":6,"enemies":"Mind Bloom Boss Battle","floor":47,"turns":5},{"damage":9,"enemies":"Sphere and 2 Shapes","floor":48,"turns":5},{"damage":67,"enemies":"Awakened One","floor":50,"turns":11}],"seed_played":"3712012730097160343","potions_obtained":[{"floor":4,"key":"DuplicationPotion"},{"floor":10,"key":"Fire Potion"},{"floor":20,"key":"Block Potion"},{"floor":23,"key":"ElixirPotion"},{"floor":28,"key":"Energy Potion"},{"floor":30,"key":"DistilledChaos"},{"floor":33,"key":"LiquidBronze"},{"floor":35,"key":"Fire Potion"},{"floor":44,"key":"SpeedPotion"},{"floor":45,"key":"GamblersBrew"},{"floor":47,"key":"FearPotion"},{"floor":48,"key":"FearPotion"}],"is_trial":false,"path_per_floor":["M","?","?","M","$","R","E","R","T","M","?","E","M","$","R","B",null,"M","?","M","?","$","E","M","?","T","R","M","E","M","M","R","B",null,"M","$","M","M","?","E","R","E","T","M","M","T","?","M","R","B",null],"character_chosen":"IRONCLAD","items_purchased":["Infernal Blade","Armaments","Intimidate","Perfected Strike","Ghostly Armor","Metallicize","Body Slam","ClockworkSouvenir"],"campfire_rested":4,"item_purchase_floors":[5,5,14,14,22,22,22,36],"current_hp_per_floor":[80,60,48,52,52,52,37,37,37,37,37,29,47,47,47,21,80,71,71,76,76,76,66,56,56,56,80,80,70,61,69,84,46,84,86,86,72,72,72,50,76,54,54,43,59,59,61,60,90,41],"gold":344,"neow_bonus":"RANDOM_COMMON_RELIC","is_prod":false,"is_daily":false,"chose_seed":false,"campfire_upgraded":3,"win_rate":0,"timestamp":1670728877,"path_taken":["M","?","?","M","?","R","E","R","T","M","?","E","M","$","R","BOSS","M","?","M","?","$","E","M","?","T","R","M","E","M","M","R","BOSS","M","$","M","M","?","E","R","E","T","M","M","?","?","M","R","BOSS"],"build_version":"2022-12-01","purchased_purges":2,"victory":true,"max_hp_per_floor":[80,80,80,80,80,80,80,80,80,80,80,80,80,80,80,80,80,80,80,80,80,80,80,80,80,80,80,80,80,80,82,84,84,84,86,86,88,88,88,88,88,90,90,92,92,92,94,96,98,98],"card_choices":[{"not_picked":["Pommel Strike","Heavy Blade"],"picked":"Cleave","floor":1},{"not_picked":["Headbutt","Sword Boomerang"],"picked":"Thunderclap","floor":4},{"not_picked":["Battle Trance","Entrench"],"picked":"True Grit","floor":7},{"not_picked":["Body Slam","Brutality","Reckless Charge"],"picked":"SKIP","floor":10},{"not_picked":["Disarm","Exhume"],"picked":"Shrug It Off","floor":12},{"not_picked":["Clothesline","Heavy Blade"],"picked":"Pommel Strike","floor":13},{"not_picked":["Bludgeon","Barricade"],"picked":"Juggernaut","floor":16},{"not_picked":["True Grit","Dropkick"],"picked":"Shrug It Off","floor":18},{"not_picked":["Clothesline","Cleave+1"],"picked":"Flex+1","floor":20},{"not_picked":["Body Slam","Havoc","True Grit"],"picked":"SKIP","floor":23},{"not_picked":["Clash","Intimidate","Heavy Blade"],"picked":"SKIP","floor":24},{"not_picked":["Bloodletting","Twin Strike"],"picked":"Demon Form","floor":27},{"not_picked":["Iron Wave","Perfected Strike+1"],"picked":"Twin Strike","floor":28},{"not_picked":["Iron Wave","Body Slam+1"],"picked":"Dark Embrace","floor":29},{"not_picked":["Clash","True Grit"],"picked":"Warcry+1","floor":30},{"not_picked":["Body Slam+1","Entrench","Dark Embrace"],"picked":"Singing Bowl","floor":31},{"not_picked":["Shockwave","Pummel+1","Rampage+1"],"picked":"Singing Bowl","floor":32},{"not_picked":["Barricade","Immolate"],"picked":"Impervious","floor":33},{"not_picked":["Seeing Red","Armaments","Clash+1"],"picked":"Singing Bowl","floor":35},{"not_picked":["Whirlwind","Bloodletting","Dual Wield+1"],"picked":"Singing Bowl","floor":37},{"not_picked":["True Grit","Havoc"],"picked":"Combust+1","floor":38},{"not_picked":["Clash+1","Rampage+1"],"picked":"Offering","floor":40},{"not_picked":["Armaments+1","Havoc"],"picked":"Body Slam","floor":41},{"not_picked":["Shrug It Off+1","Anger","Wild Strike+1"],"picked":"Singing Bowl","floor":42},{"not_picked":["Warcry+1","Wild Strike","Thunderclap+1"],"picked":"Singing Bowl","floor":44},{"not_picked":["Bloodletting+1","Evolve"],"picked":"Flame Barrier","floor":45},{"not_picked":["Rampage+1","Ghostly Armor+1","Uppercut+1"],"picked":"Singing Bowl","floor":47},{"not_picked":["Havoc+1","Cleave+1","Clothesline"],"picked":"Singing Bowl","floor":48},{"not_picked":["Hemokinesis","Searing Blow+1","Sword Boomerang"],"picked":"Singing Bowl","floor":49}],"player_experience":1302544,"relics_obtained":[{"floor":7,"key":"Dream Catcher"},{"floor":9,"key":"Bronze Scales"},{"floor":12,"key":"Meat on the Bone"},{"floor":23,"key":"MealTicket"},{"floor":26,"key":"StrikeDummy"},{"floor":29,"key":"Singing Bowl"},{"floor":40,"key":"Incense Burner"},{"floor":42,"key":"Red Skull"},{"floor":43,"key":"Calipers"},{"floor":46,"key":"Mercury Hourglass"},{"floor":47,"key":"Du-Vu Doll"}],"event_choices":[{"damage_healed":0,"gold_gain":0,"player_choice":"Take Damage","damage_taken":20,"relics_obtained":["Golden Idol"],"max_hp_gain":0,"max_hp_loss":0,"event_name":"Golden Idol","floor":2,"gold_loss":0},{"damage_healed":0,"gold_gain":0,"player_choice":"Success","damage_taken":12,"relics_obtained":["Boot"],"max_hp_gain":0,"max_hp_loss":0,"event_name":"Scrap Ooze","floor":3,"gold_loss":0},{"damage_healed":0,"gold_gain":0,"player_choice":"Ignored","damage_taken":0,"max_hp_gain":0,"max_hp_loss":0,"event_name":"Liars Game","floor":11,"gold_loss":0},{"damage_healed":0,"gold_gain":0,"player_choice":"Upgraded","damage_taken":0,"max_hp_gain":0,"max_hp_loss":0,"event_name":"Upgrade Shrine","floor":19,"gold_loss":0,"cards_upgraded":["Intimidate"]},{"cards_removed":["Strike_R"],"damage_healed":0,"gold_gain":0,"player_choice":"Purged","damage_taken":0,"max_hp_gain":0,"max_hp_loss":0,"event_name":"Purifier","floor":21,"gold_loss":0},{"damage_healed":0,"gold_gain":0,"player_choice":"Gave Potion","damage_taken":0,"relics_obtained":["Champion Belt"],"max_hp_gain":0,"max_hp_loss":0,"event_name":"WeMeetAgain","floor":25,"gold_loss":0},{"damage_healed":0,"gold_gain":0,"player_choice":"Ignored","damage_taken":0,"max_hp_gain":0,"max_hp_loss":0,"event_name":"Tomb of Lord Red Mask","floor":39,"gold_loss":0},{"damage_healed":0,"gold_gain":0,"player_choice":"Fight","damage_taken":0,"max_hp_gain":0,"max_hp_loss":0,"event_name":"MindBloom","floor":47,"gold_loss":0}],"is_beta":false,"boss_relics":[{"not_picked":["Coffee Dripper","Mark of Pain"],"picked":"Fusion Hammer"},{"not_picked":["SacredBark","Pandora\u0027s Box"],"picked":"Philosopher\u0027s Stone"}],"items_purged_floors":[22,36],"is_endless":false,"potions_floor_spawned":[4,10,20,23,28,30,33,35,44,45,47,48],"ascension_level":0}