{"gold_per_floor":[116,126,35,45,45,45,74,88,88,7,24,43,43,60,60,157,157,168,168,181,96,19,19,19,36,104,115,115],"floor_reached":28,"playtime":960,"items_purged":[],"score":272,"play_id":"8013f68d-c7e1-4f5b-95c7-e196fa754957","local_time":"20221205193324","is_ascension_mode":false,"campfire_choices":[{"data":"Iron Wave","floor":6,"key":"SMITH"},{"data":"Havoc","floor":13,"key":"SMITH"},{"data":"Juggernaut","floor":15,"key":"SMITH"},{"data":"Panache","floor":24,"key":"SMITH"}],"neow_cost":"TEN_PERCENT_HP_LOSS","seed_source_timestamp":1735905956516300,"circlet_count":0,"master_deck":["Strike_R","Strike_R","Strike_R","Strike_R","Strike_R","Defend_R","Defend_R","Defend_R","Defend_R","Bash","Panache+1","Inflame","True Grit+1","Swift Strike","Iron Wave+1","Thunderclap","Reckless Charge","Havoc+1","Juggernaut+1","Flame Barrier","Feed","Dark Embrace+1","Battle Trance+1","Evolve","Warcry"],"relics":["Burning Blood","Mummified Hand","Gremlin Horn","Philosopher\u0027s Stone","Kunai","Meat on the Bone"],"potions_floor_usage":[7,8,16,16,20],"damage_taken":[{"damage":1,"enemies":"Cultist","floor":1,"turns":3},{"damage":0,"enemies":"2 Louse","floor":2,"turns":3},{"damage":3,"enemies":"Small Slimes","floor":4,"turns":5},{"damage":27,"enemies":"3 Sentries","floor":7,"turns":7},{"damage":3,"enemies":"Blue Slaver","floor":8,"turns":2},{"damage":0,"enemies":"Gremlin Gang","floor":11,"turns":4},{"damage":4,"enemies":"Exordium Wildlife","floor":12,"turns":3},{"damage":0,"enemies":"2 Fungi Beasts","floor":14,"turns":3},{"damage":0,"enemies":"Slime Boss","floor":16,"turns":8},{"damage":18,"enemies":"Spheric Guardian","floor":18,"turns":4},{"damage":10,"enemies":"2 Thieves","floor":20,"turns":3},{"damage":17,"enemies":"Shelled Parasite and Fungi","floor":25,"turns":4},{"damage":19,"enemies":"Snake Plant","floor":27,"turns":4},{"damage":36,"enemies":"Book of Stabbing","floor":28,"turns":4}],"seed_played":"-8281514794175369220","potions_obtained":[{"floor":4,"key":"DuplicationPotion"},{"floor":7,"key":"AttackPotion"},{"floor":12,"key":"Weak Potion"},{"floor":14,"key":"SteroidPotion"},{"floor":16,"key":"LiquidBronze"}],"is_trial":false,"path_per_floor":["M","M","$","M","?","R","E","M","T","$","M","M","R","M","R","B",null,"M","?","M","?","$","?","R","M","T","M","E"],"character_chosen":"IRONCLAD","items_purchased":["Swift Strike","Reckless Charge","Havoc","Evolve"],"campfire_rested":0,"item_purchase_floors":[3,10,10,22],"current_hp_per_floor":[72,72,72,72,72,72,51,54,54,54,60,62,62,68,68,72,72,60,47,43,43,43,43,43,32,32,34,0],"gold":115,"neow_bonus":"RANDOM_COLORLESS_2","is_prod":false,"is_daily":false,"chose_seed":false,"campfire_upgraded":4,"win_rate":0,"timestamp":1670286804,"path_taken":["M","?","$","M","?","R","E","M","T","?","M","M","R","M","R","BOSS","M","?","M","?","$","?","R","M","T","M","E"],"build_version":"2022-12-01","purchased_purges":0,"victory":false,"max_hp_per_floor":[72,72,72,72,72,72,72,72,72,72,72,72,72,72,72,72,72,72,77,77,77,77,77,77,77,77,80,80],"card_choices":[{"not_picked":["Violence","Sadistic Nature"],"picked":"Panache","floor":0},{"not_picked":["Heavy Blade","Clothesline"],"picked":"Inflame","floor":1},{"not_picked":["Headbutt","Pommel Strike"],"picked":"True Grit","floor":2},{"not_picked":["Twin Strike","Searing Blow"],"picked":"Iron Wave","floor":4},{"not_picked":["Dropkick","Burning Pact"],"picked":"Thunderclap","floor":7},{"not_picked":["Havoc","Fire Breathing","Second Wind"],"picked":"SKIP","floor":8},{"not_picked":["Burning Pact","Sever Soul"],"picked":"Juggernaut","floor":11},{"not_picked":["Thunderclap","Cleave"],"picked":"Flame Barrier","floor":12},{"not_picked":["Shrug It Off","Twin Strike","True Grit"],"picked":"SKIP","floor":14},{"not_picked":["Corruption","Brutality"],"picked":"Feed","floor":16},{"not_picked":["Body Slam","Clash"],"picked":"Dark Embrace+1","floor":18},{"not_picked":["Iron Wave","Havoc+1"],"picked":"Battle Trance+1","floor":20},{"not_picked":["Entrench","Intimidate+1"],"picked":"Warcry","floor":25},{"not_picked":["Thunderclap","Dark Embrace+1","Perfected Strike"],"picked":"SKIP","floor":27}],"player_experience":1248527,"relics_obtained":[{"floor":7,"key":"Mummified Hand"},{"floor":9,"key":"Gremlin Horn"},{"floor":26,"key":"Meat on the Bone"}],"event_choices":[{"damage_healed":0,"gold_gain":0,"player_choice":"Forge","damage_taken":0,"max_hp_gain":0,"max_hp_loss":0,"event_name":"Accursed Blacksmith","floor":5,"gold_loss":0,"cards_upgraded":["True Grit"]},{"damage_healed":0,"gold_gain":0,"player_choice":"Shed Blood","damage_taken":18,"max_hp_gain":5,"max_hp_loss":0,"event_name":"Forgotten Altar","floor":19,"gold_loss":0},{"damage_healed":0,"gold_gain":0,"player_choice":"Obtained Relic","damage_taken":0,"relics_obtained":["Kunai"],"max_hp_gain":0,"max_hp_loss":0,"event_name":"Addict","floor":21,"gold_loss":85},{"damage_healed":0,"gold_gain":0,"player_choice":"Ignored","damage_taken":0,"max_hp_gain":0,"max_hp_loss":0,"event_name":"Ghosts","floor":23,"gold_loss":0}],"is_beta":false,"boss_relics":[{"not_picked":["Runic Cube","Astrolabe"],"picked":"Philosopher\u0027s Stone"}],"items_purged_floors":[],"is_endless":false,"potions_floor_spawned":[4,7,12,14,16],"killed_by":"Book of Stabbing","ascension_level":0}