{"gold_per_floor":[109,109,126,37,48,75,75,86,86,99,111,111,20,20,20,115,115,129,129,141,155,166,166,185,201,201,201,39,65,65,65],"floor_reached":31,"playtime":959,"items_purged":["Parasite"],"score":261,"play_id":"a0068900-8728-4d67-86f7-924d4e2c73e1","local_time":"20221207112749","is_ascension_mode":false,"campfire_choices":[{"data":"Perfected Strike","floor":7.0,"key":"SMITH"},{"floor":15.0,"key":"REST"},{"data":"Pommel Strike","floor":23.0,"key":"SMITH"}],"neow_cost":"CURSE","seed_source_timestamp":65192298502200,"circlet_count":0,"master_deck":["Strike_R","Strike_R","Strike_R","Strike_R","Strike_R","Defend_R+1","Defend_R","Defend_R","Defend_R","Bash+1","The Bomb","Perfected Strike+1","Flex","Carnage","Flex","Spot Weakness","Uppercut","Anger","Wild Strike","Intimidate","Dramatic Entrance","Corruption","True Grit+1","Pommel Strike+1","Shrug It Off+1","Wild Strike","Purity"],"special_seed":0,"relics":["Burning Blood","Blood Vial","Mummified Hand","Busted Crown","Oddly Smooth Stone","Incense Burner"],"potions_floor_usage":[29],"damage_taken":[{"damage":7.0,"enemies":"2 Louse","floor":1.0,"turns":3.0},{"damage":1.0,"enemies":"Cultist","floor":3.0,"turns":4.0},{"damage":6.0,"enemies":"Jaw Worm","floor":5.0,"turns":2.0},{"damage":10.0,"enemies":"3 Sentries","floor":6.0,"turns":3.0},{"damage":26.0,"enemies":"Lots of Slimes","floor":8.0,"turns":4.0},{"damage":10.0,"enemies":"Looter","floor":10.0,"turns":2.0},{"damage":26.0,"enemies":"Gremlin Gang","floor":11.0,"turns":3.0},{"damage":27.0,"enemies":"Slime Boss","floor":16.0,"turns":6.0},{"damage":10.0,"enemies":"Chosen","floor":18.0,"turns":3.0},{"damage":31.0,"enemies":"2 Thieves","floor":20.0,"turns":3.0},{"damage":27.0,"enemies":"Shelled Parasite and Fungi","floor":21.0,"turns":5.0},{"damage":21.0,"enemies":"3 Cultists","floor":22.0,"turns":5.0},{"damage":7.0,"enemies":"Centurion and Healer","floor":24.0,"turns":4.0},{"damage":19.0,"enemies":"Sentry and Sphere","floor":25.0,"turns":4.0},{"damage":0.0,"enemies":"Cultist and Chosen","floor":27.0,"turns":1.0},{"damage":17,"enemies":"Slavers","floor":29,"turns":5},{"damage":14,"enemies":"Centurion and Healer","floor":31,"turns":4}],"seed_played":"-8435846718887066244","potions_obtained":[{"floor":1.0,"key":"BloodPotion"},{"floor":2.0,"key":"PowerPotion"},{"floor":2.0,"key":"Block Potion"},{"floor":5.0,"key":"AttackPotion"},{"floor":8.0,"key":"AttackPotion"},{"floor":10.0,"key":"Dexterity Potion"},{"floor":22.0,"key":"SmokeBomb"},{"floor":25.0,"key":"SkillPotion"}],"is_trial":false,"path_per_floor":["M","?","M","$","M","E","R","M","T","M","M","T","$","?","R","B",null,"M","?","M","M","M","R","M","M","T","M","$","E","?","M"],"character_chosen":"IRONCLAD","items_purchased":["Carnage","Flex","Dramatic Entrance","Purity"],"campfire_rested":1,"item_purchase_floors":[4,4,13,28],"current_hp_per_floor":[79,79,80,80,80,76,76,58,58,56,38,38,38,22,46,27,80,76,76,53,34,21,21,22,11,11,19,19,10,10,0],"gold":65,"neow_bonus":"RANDOM_COLORLESS_2","is_prod":false,"is_daily":false,"chose_seed":false,"campfire_upgraded":2,"win_rate":0,"timestamp":1670430469,"path_taken":["M","?","M","$","M","E","R","M","T","?","M","?","$","?","R","BOSS","M","?","M","M","M","R","M","?","T","M","$","E","?","M"],"build_version":"2022-12-01","purchased_purges":1,"victory":false,"max_hp_per_floor":[80,80,80,80,80,80,80,80,80,80,80,80,80,80,80,80,80,80,80,80,80,80,80,80,80,80,80,77,77,77,77],"card_choices":[{"not_picked":["Secret Weapon","Magnetism"],"picked":"The Bomb","floor":0.0},{"not_picked":["Rampage","Armaments"],"picked":"Perfected Strike","floor":1.0},{"not_picked":["Iron Wave","Shrug It Off"],"picked":"Flex","floor":3.0},{"not_picked":["Pommel Strike","Whirlwind"],"picked":"Spot Weakness","floor":5.0},{"not_picked":["Warcry","Searing Blow"],"picked":"Uppercut","floor":6.0},{"not_picked":["Reaper","Shrug It Off"],"picked":"Anger","floor":8.0},{"not_picked":["Flex","Body Slam"],"picked":"Wild Strike","floor":10.0},{"not_picked":["Shockwave","Dual Wield"],"picked":"Intimidate","floor":11.0},{"not_picked":["Exhume","Double Tap"],"picked":"Corruption","floor":16.0},{"not_picked":[],"picked":"True Grit+1","floor":18.0},{"not_picked":["Twin Strike"],"picked":"SKIP","floor":20.0},{"not_picked":["Pommel Strike"],"picked":"SKIP","floor":21.0},{"not_picked":[],"picked":"Shrug It Off+1","floor":22.0},{"not_picked":["Bloodletting"],"picked":"SKIP","floor":24.0},{"not_picked":[],"picked":"Wild Strike","floor":25.0},{"not_picked":["Thunderclap"],"picked":"SKIP","floor":29}],"player_experience":1255681,"relics_obtained":[{"floor":6.0,"key":"Blood Vial"},{"floor":12.0,"key":"Mummified Hand"},{"floor":26.0,"key":"Oddly Smooth Stone"},{"floor":29,"key":"Incense Burner"}],"event_choices":[{"damage_healed":0.0,"max_hp_gain":0.0,"max_hp_loss":0.0,"gold_gain":0.0,"event_name":"Lab","player_choice":"Got Potions","floor":2.0,"gold_loss":0.0,"damage_taken":0.0},{"damage_healed":0.0,"max_hp_gain":0.0,"max_hp_loss":0.0,"gold_gain":0.0,"event_name":"Shining Light","player_choice":"Entered Light","floor":14.0,"gold_loss":0.0,"damage_taken":16.0,"cards_upgraded":["Defend_R","Bash"]},{"damage_healed":0.0,"max_hp_gain":0.0,"max_hp_loss":0.0,"gold_gain":0.0,"event_name":"Match and Keep!","player_choice":"1 cards matched","floor":19.0,"gold_loss":0.0,"damage_taken":0.0,"cards_obtained":["Pommel Strike"]},{"damage_healed":0,"gold_gain":0,"player_choice":"Ignored","damage_taken":0,"max_hp_gain":0,"max_hp_loss":0,"event_name":"NoteForYourself","floor":30,"gold_loss":0}],"is_beta":false,"boss_relics":[{"not_picked":["Cursed Key","Mark of Pain"],"picked":"Busted Crown"}],"items_purged_floors":[28],"is_endless":false,"potions_floor_spawned":[1,5,8,10,22,25],"killed_by":"Centurion and Healer","ascension_level":0}