{"gold_per_floor":[112,129,147,46,46,81,91,103,103,116,116,130,157,170,170,170],"floor_reached":16,"playtime":513,"items_purged":[],"score":232,"play_id":"47557ce7-f4d7-4a33-9cc7-6d78a99d363e","local_time":"20221214150454","is_ascension_mode":true,"campfire_choices":[{"data":"Combust","floor":11,"key":"SMITH"},{"data":"Inflame","floor":15,"key":"SMITH"}],"neow_cost":"NONE","seed_source_timestamp":45515440142000,"circlet_count":0,"master_deck":["AscendersBane","Strike_R","Strike_R","Strike_R","Strike_R","Strike_R","Defend_R","Defend_R","Defend_R","Defend_R","Bash","Anger","Iron Wave","Hemokinesis","Swift Strike","Offering","Combust+1","Feel No Pain","Thunderclap","Shrug It Off","Inflame+1"],"special_seed":0,"relics":["Burning Blood","NeowsBlessing","NlothsMask","Calipers","Matryoshka"],"potions_floor_usage":[6,10,13,16],"damage_taken":[{"damage":0,"enemies":"Small Slimes","floor":1,"turns":1},{"damage":0,"enemies":"Cultist","floor":2,"turns":1},{"damage":0,"enemies":"2 Louse","floor":3,"turns":1},{"damage":29,"enemies":"Gremlin Nob","floor":6,"turns":4},{"damage":3,"enemies":"2 Fungi Beasts","floor":7,"turns":2},{"damage":12,"enemies":"Red Slaver","floor":8,"turns":2},{"damage":9,"enemies":"Gremlin Gang","floor":10,"turns":3},{"damage":11,"enemies":"Large Slime","floor":12,"turns":4},{"damage":23,"enemies":"Lagavulin","floor":13,"turns":5},{"damage":8,"enemies":"Looter","floor":14,"turns":3},{"damage":38,"enemies":"Hexaghost","floor":16,"turns":7}],"seed_played":"6834141011825767959","potions_obtained":[{"floor":3,"key":"BloodPotion"},{"floor":6,"key":"GamblersBrew"},{"floor":7,"key":"Block Potion"},{"floor":8,"key":"Fire Potion"},{"floor":14,"key":"Weak Potion"}],"is_trial":false,"path_per_floor":["M","M","M","$","?","E","M","M","T","M","R","M","E","M","R","B"],"character_chosen":"IRONCLAD","items_purchased":["Swift Strike"],"campfire_rested":0,"item_purchase_floors":[4],"current_hp_per_floor":[74,75,75,75,75,67,70,64,64,61,61,56,39,37,37,0],"gold":170,"neow_bonus":"THREE_ENEMY_KILL","is_prod":false,"is_daily":false,"chose_seed":false,"campfire_upgraded":2,"win_rate":0,"timestamp":1671048294,"path_taken":["M","M","M","$","?","E","?","M","T","?","R","M","E","M","R","BOSS"],"build_version":"2022-12-01","purchased_purges":0,"victory":false,"max_hp_per_floor":[75,75,75,75,75,75,75,75,75,75,75,75,75,75,75,75],"card_choices":[{"not_picked":["Warcry","Clash"],"picked":"Anger","floor":1},{"not_picked":["Headbutt","Armaments"],"picked":"Iron Wave","floor":2},{"not_picked":["Flex","Dual Wield"],"picked":"Hemokinesis","floor":3},{"not_picked":["Armaments","Carnage"],"picked":"Offering","floor":6},{"not_picked":["Pummel","Clothesline"],"picked":"Combust","floor":7},{"not_picked":["Sever Soul","Wild Strike"],"picked":"Feel No Pain","floor":8},{"not_picked":["Pommel Strike","Sword Boomerang"],"picked":"Thunderclap","floor":10},{"not_picked":["Bloodletting","Havoc"],"picked":"Shrug It Off","floor":12},{"not_picked":["Carnage","Heavy Blade"],"picked":"Inflame","floor":13},{"not_picked":["Berserk","Warcry","Twin Strike"],"picked":"SKIP","floor":14}],"player_experience":1349985,"relics_obtained":[{"floor":6,"key":"Calipers"},{"floor":13,"key":"Matryoshka"}],"event_choices":[{"damage_healed":0,"gold_gain":0,"player_choice":"Trade","damage_taken":0,"relics_obtained":["NlothsMask"],"max_hp_gain":0,"max_hp_loss":0,"event_name":"FaceTrader","floor":5,"gold_loss":0}],"is_beta":false,"boss_relics":[],"items_purged_floors":[],"is_endless":false,"potions_floor_spawned":[3,6,7,8,14],"killed_by":"Hexaghost","ascension_level":20}