{"gold_per_floor":[115,115,134,147,147,181,141,141,168,168,182,24,24,24,24,102,102,75,32,32,43,43,76,88,126,138,150],"floor_reached":27,"playtime":935,"items_purged":["Defend_R"],"score":494,"play_id":"08e7873d-48a8-4dd9-a478-0f2367257419","local_time":"20221215115251","is_ascension_mode":true,"campfire_choices":[{"data":"Juggernaut","floor":8,"key":"SMITH"},{"data":"Metallicize","floor":13,"key":"SMITH"},{"data":"Fiend Fire","floor":15,"key":"SMITH"},{"floor":24,"key":"REST"}],"neow_cost":"NONE","seed_source_timestamp":119956640362800,"circlet_count":0,"master_deck":["AscendersBane","Strike_R","Strike_R","Strike_R","Defend_R","Defend_R","Defend_R","Bash","Juggernaut+1","Bloodletting","Power Through","Headbutt","Dropkick","Disarm","Thunderclap","Sword Boomerang","Fiend Fire+1","Metallicize+1","Corruption","Armaments","Inflame","Shame","Havoc","Ghostly","Ghostly","Ghostly","Uppercut","Burning Pact"],"special_seed":0,"relics":["Burning Blood","MealTicket","Anchor","Mark of Pain","Art of War","MawBank","Regal Pillow","Prayer Wheel"],"potions_floor_usage":[16,25,25],"damage_taken":[{"damage":14.0,"enemies":"Jaw Worm","floor":1.0,"turns":4.0},{"damage":5.0,"enemies":"2 Louse","floor":3.0,"turns":4.0},{"damage":1.0,"enemies":"Cultist","floor":4.0,"turns":4.0},{"damage":21.0,"enemies":"Gremlin Nob","floor":6.0,"turns":4.0},{"damage":6,"enemies":"Looter","floor":7,"turns":4},{"damage":9,"enemies":"3 Louse","floor":11,"turns":3},{"damage":18,"enemies":"Slime Boss","floor":16,"turns":7},{"damage":15,"enemies":"2 Thieves","floor":18,"turns":4},{"damage":25,"enemies":"Shell Parasite","floor":21,"turns":6},{"damage":24,"enemies":"Book of Stabbing","floor":23,"turns":7},{"damage":5,"enemies":"Slavers","floor":25,"turns":4},{"damage":45,"enemies":"3 Cultists","floor":27,"turns":4}],"seed_played":"4526538493025284605","potions_obtained":[{"floor":3.0,"key":"Swift Potion"},{"floor":4.0,"key":"SteroidPotion"},{"floor":6.0,"key":"Strength Potion"},{"floor":21,"key":"SneckoOil"},{"floor":23,"key":"SkillPotion"}],"is_trial":false,"path_per_floor":["M","?","M","M","?","E","M","R","T","?","M","$","R","$","R","B",null,"M","$","?","M","?","E","R","E","T","M"],"character_chosen":"IRONCLAD","items_purchased":["Metallicize","Inflame"],"campfire_rested":1,"item_purchase_floors":[12,19],"current_hp_per_floor":[60,60,61,66,71,56,56,56,56,56,53,68,68,80,80,68,77,68,80,80,61,40,22,34,35,35,0],"gold":150,"neow_bonus":"ONE_RANDOM_RARE_CARD","is_prod":false,"is_daily":false,"chose_seed":false,"campfire_upgraded":3,"win_rate":0,"timestamp":1671123171,"path_taken":["M","?","M","M","?","E","M","R","T","?","M","$","R","$","R","BOSS","M","$","?","M","?","E","R","E","T","M"],"build_version":"2022-12-01","purchased_purges":1,"victory":false,"max_hp_per_floor":[75,75,75,75,80,80,80,80,80,80,80,80,80,80,80,80,80,80,80,80,80,40,40,40,40,40,40],"card_choices":[{"not_picked":["Warcry","Sentinel"],"picked":"Bloodletting","floor":1.0},{"not_picked":["Havoc","Twin Strike"],"picked":"Headbutt","floor":3.0},{"not_picked":["Ghostly Armor","Bloodletting"],"picked":"Dropkick","floor":4.0},{"not_picked":["Clothesline","Cleave"],"picked":"Disarm","floor":6.0},{"not_picked":["Perfected Strike","Sword Boomerang"],"picked":"Thunderclap","floor":7},{"not_picked":["Sword Boomerang","Twin Strike"],"picked":"Fiend Fire","floor":11},{"not_picked":["Berserk","Brutality"],"picked":"Corruption","floor":16},{"not_picked":["Clash","Wild Strike"],"picked":"Armaments","floor":18},{"not_picked":["Searing Blow","Twin Strike"],"picked":"Havoc","floor":21},{"not_picked":["Thunderclap","Havoc"],"picked":"Uppercut","floor":23},{"not_picked":["Warcry+1","Wild Strike"],"picked":"Burning Pact","floor":25}],"player_experience":1370035,"relics_obtained":[{"floor":6.0,"key":"MealTicket"},{"floor":9,"key":"Anchor"},{"floor":23,"key":"MawBank"},{"floor":25,"key":"Regal Pillow"},{"floor":26,"key":"Prayer Wheel"}],"event_choices":[{"damage_healed":0.0,"max_hp_gain":0.0,"max_hp_loss":0.0,"gold_gain":0.0,"cards_transformed":["Strike_R"],"event_name":"Living Wall","player_choice":"Change","floor":2.0,"gold_loss":0.0,"damage_taken":0.0,"cards_obtained":["Power Through"]},{"damage_healed":0.0,"max_hp_gain":5.0,"max_hp_loss":0.0,"gold_gain":0.0,"event_name":"Big Fish","player_choice":"Donut","floor":5.0,"gold_loss":0.0,"damage_taken":0.0},{"damage_healed":0,"gold_gain":0,"cards_transformed":["Strike_R"],"player_choice":"Transformed","damage_taken":0,"max_hp_gain":0,"max_hp_loss":0,"event_name":"Transmorgrifier","floor":10,"gold_loss":0,"cards_obtained":["Sword Boomerang"]},{"damage_healed":0,"gold_gain":0,"player_choice":"Stole Relic","damage_taken":0,"relics_obtained":["Art of War"],"max_hp_gain":0,"max_hp_loss":0,"event_name":"Addict","floor":20,"gold_loss":0,"cards_obtained":["Shame"]},{"damage_healed":0,"gold_gain":0,"player_choice":"Became a Ghost","damage_taken":0,"max_hp_gain":0,"max_hp_loss":40,"event_name":"Ghosts","floor":22,"gold_loss":0,"cards_obtained":["Ghostly","Ghostly","Ghostly"]}],"is_beta":false,"boss_relics":[{"not_picked":["Black Star","Snecko Eye"],"picked":"Mark of Pain"}],"items_purged_floors":[12],"is_endless":false,"potions_floor_spawned":[3,4,6,21,23],"killed_by":"3 Cultists","ascension_level":20}