{"gold_per_floor":[117,137,137,150,166,201,213,213],"floor_reached":8,"playtime":383,"items_purged":[],"score":90,"play_id":"5ab7d3e9-2a87-4610-9f4d-b57fb60f4940","local_time":"20221216203514","is_ascension_mode":true,"campfire_choices":[],"neow_cost":"NONE","seed_source_timestamp":29938285108400,"circlet_count":0,"master_deck":["AscendersBane","Strike_R","Strike_R","Strike_R","Strike_R","Strike_R","Defend_R","Defend_R","Defend_R","Defend_R","Bash","Headbutt","Uppercut","Evolve","Cleave","Offering","Dark Embrace"],"relics":["Burning Blood","Regal Pillow"],"potions_floor_usage":[5,6,6],"damage_taken":[{"damage":11,"enemies":"Cultist","floor":1,"turns":4},{"damage":2,"enemies":"Small Slimes","floor":2,"turns":4},{"damage":7,"enemies":"Jaw Worm","floor":4,"turns":3},{"damage":7,"enemies":"Blue Slaver","floor":5,"turns":3},{"damage":42,"enemies":"3 Sentries","floor":6,"turns":8},{"damage":19,"enemies":"Exordium Thugs","floor":7,"turns":5},{"damage":24,"enemies":"Gremlin Nob","floor":8,"turns":3}],"seed_played":"9100227833888774979","potions_obtained":[{"floor":0,"key":"Strength Potion"},{"floor":0,"key":"Weak Potion"},{"floor":0,"key":"DistilledChaos"}],"is_trial":false,"path_per_floor":["M","M","?","M","M","E","M","E"],"character_chosen":"IRONCLAD","items_purchased":[],"campfire_rested":0,"item_purchase_floors":[],"current_hp_per_floor":[67,71,71,70,69,33,20,0],"gold":213,"neow_bonus":"THREE_SMALL_POTIONS","is_prod":false,"is_daily":false,"chose_seed":false,"campfire_upgraded":0,"win_rate":0,"timestamp":1671240914,"path_taken":["M","M","?","?","M","E","M","E"],"build_version":"2022-12-01","purchased_purges":0,"victory":false,"max_hp_per_floor":[80,80,80,80,80,80,80,80],"card_choices":[{"not_picked":["Body Slam","Exhume"],"picked":"Headbutt","floor":1},{"not_picked":["Perfected Strike","Reckless Charge"],"picked":"Uppercut","floor":2},{"not_picked":["Havoc","Sentinel"],"picked":"Evolve","floor":4},{"not_picked":["Pommel Strike","Thunderclap"],"picked":"Cleave","floor":5},{"not_picked":["Cleave","Headbutt"],"picked":"Offering","floor":6},{"not_picked":["Sword Boomerang","True Grit"],"picked":"Dark Embrace","floor":7}],"player_experience":1392251,"relics_obtained":[{"floor":6,"key":"Regal Pillow"}],"event_choices":[{"damage_healed":0,"gold_gain":0,"player_choice":"Bought 0 Potions","damage_taken":0,"max_hp_gain":0,"max_hp_loss":0,"event_name":"The Woman in Blue","floor":3,"gold_loss":0}],"is_beta":false,"boss_relics":[],"items_purged_floors":[],"is_endless":false,"potions_floor_spawned":[1],"killed_by":"Gremlin Nob","ascension_level":10}