{"gold_per_floor":[109,79,89,107,8,37,37,37,37,70,70,1,1,15,15,136,136,151,5,5,5,5,48,45,45],"floor_reached":25,"playtime":668,"items_purged":["Strike_R"],"score":416,"play_id":"58af3c23-16cc-464e-860f-ec67b7e7f60e","local_time":"20221221162854","is_ascension_mode":true,"campfire_choices":[{"data":"Apotheosis","floor":7.0,"key":"SMITH"},{"data":"1","floor":11.0,"key":"LIFT"},{"data":"2","floor":13.0,"key":"LIFT"},{"data":"3","floor":15.0,"key":"LIFT"}],"neow_cost":"PERCENT_DAMAGE","seed_source_timestamp":446816608110500,"circlet_count":0,"master_deck":["AscendersBane","Strike_R+1","Strike_R+1","Defend_R+1","Defend_R+1","Defend_R+1","Defend_R+1","Bash","Apotheosis+1","Clothesline","Iron Wave","Thunderclap","Hemokinesis","Rupture","Dropkick","Dropkick","Feed","Wraith Form v2","Clothesline","Flex","Second Wind","Rage+1"],"special_seed":0,"relics":["Burning Blood","Eternal Feather","Golden Idol","Girya","Bronze Scales","SlaversCollar","Oddly Smooth Stone","Darkstone Periapt"],"potions_floor_usage":[16,25],"damage_taken":[{"damage":8.0,"enemies":"Jaw Worm","floor":1.0,"turns":5.0},{"damage":4.0,"enemies":"Cultist","floor":3.0,"turns":3.0},{"damage":0.0,"enemies":"2 Louse","floor":4.0,"turns":2.0},{"damage":3.0,"enemies":"Gremlin Nob","floor":6.0,"turns":3.0},{"damage":19.0,"enemies":"Lagavulin","floor":10.0,"turns":7.0},{"damage":15.0,"enemies":"Large Slime","floor":14.0,"turns":4.0},{"damage":4,"enemies":"Slime Boss","floor":16,"turns":5},{"damage":18,"enemies":"Shell Parasite","floor":18,"turns":3},{"damage":43,"enemies":"Gremlin Leader","floor":23,"turns":8},{"damage":22,"enemies":"2 Thieves","floor":24,"turns":4},{"damage":26,"enemies":"3 Cultists","floor":25,"turns":4}],"seed_played":"-2972295522056091899","potions_obtained":[{"floor":1.0,"key":"Strength Potion"},{"floor":2.0,"key":"ColorlessPotion"},{"floor":2.0,"key":"DistilledChaos"},{"floor":4.0,"key":"ElixirPotion"},{"floor":14.0,"key":"AttackPotion"},{"floor":23,"key":"Fruit Juice"}],"is_trial":false,"path_per_floor":["M","?","M","M","$","E","R","?","T","E","R","$","R","M","R","B",null,"M","$","?","?","?","E","M","M"],"character_chosen":"IRONCLAD","items_purchased":["Thunderclap","Dropkick","Oddly Smooth Stone"],"campfire_rested":0,"item_purchase_floors":[5,12,19],"current_hp_per_floor":[49,49,51,57,57,60,69,49,49,36,45,45,54,45,54,56,74,66,66,66,66,66,29,17,0],"gold":45,"neow_bonus":"RANDOM_COLORLESS_2","is_prod":false,"is_daily":false,"chose_seed":false,"campfire_upgraded":1,"win_rate":0,"timestamp":1671658134,"path_taken":["M","?","M","M","?","E","R","?","T","E","R","$","R","M","R","BOSS","M","$","?","?","?","E","M","M"],"build_version":"2022-12-18","purchased_purges":1,"victory":false,"max_hp_per_floor":[80,80,80,80,80,80,80,80,80,80,80,80,80,80,80,80,80,84,84,84,84,84,84,88,93],"card_choices":[{"not_picked":["Sadistic Nature","Violence"],"picked":"Apotheosis","floor":0.0},{"not_picked":["Armaments","Twin Strike"],"picked":"Clothesline","floor":1.0},{"not_picked":["Twin Strike","Thunderclap","Clash"],"picked":"SKIP","floor":3.0},{"not_picked":["Pommel Strike","Infernal Blade"],"picked":"Iron Wave","floor":4.0},{"not_picked":["Searing Blow","Flex"],"picked":"Hemokinesis","floor":6.0},{"not_picked":["Anger","Intimidate"],"picked":"Rupture","floor":10.0},{"not_picked":["Clothesline","Thunderclap"],"picked":"Dropkick","floor":14.0},{"not_picked":["Fiend Fire","Immolate"],"picked":"Feed","floor":16},{"not_picked":["Anger","Perfected Strike","Clothesline+1"],"picked":"SKIP","floor":18},{"not_picked":["Havoc","Power Through"],"picked":"Second Wind","floor":23},{"not_picked":["Perfected Strike","Clothesline+1"],"picked":"Rage+1","floor":24}],"player_experience":865290,"relics_obtained":[{"floor":6.0,"key":"Eternal Feather"},{"floor":9.0,"key":"Girya"},{"floor":10.0,"key":"Bronze Scales"},{"floor":23,"key":"Darkstone Periapt"}],"event_choices":[{"damage_healed":0.0,"max_hp_gain":0.0,"max_hp_loss":0.0,"gold_gain":0.0,"event_name":"The Woman in Blue","player_choice":"Bought 2 Potions","floor":2.0,"gold_loss":0.0,"damage_taken":0.0},{"damage_healed":0.0,"max_hp_gain":0.0,"max_hp_loss":0.0,"gold_gain":0.0,"event_name":"Golden Idol","player_choice":"Take Damage","floor":8.0,"gold_loss":0.0,"damage_taken":20.0,"relics_obtained":["Golden Idol"]},{"cards_removed":["Apotheosis"],"damage_healed":0,"gold_gain":0,"player_choice":"Take \u0026 Give","damage_taken":0,"max_hp_gain":0,"max_hp_loss":0,"event_name":"betterNote:BetterNote","floor":20,"gold_loss":0,"cards_obtained":["Wraith Form v2"]},{"damage_healed":0,"gold_gain":0,"player_choice":"Simplicity","damage_taken":0,"max_hp_gain":0,"max_hp_loss":0,"event_name":"Back to Basics","floor":21,"gold_loss":0,"cards_upgraded":["Strike_R","Strike_R","Strike_R","Strike_R","Defend_R","Defend_R","Defend_R","Defend_R"]},{"damage_healed":0,"gold_gain":0,"cards_transformed":["Strike_R","Strike_R"],"player_choice":"Became Test Subject","damage_taken":0,"max_hp_gain":0,"max_hp_loss":0,"event_name":"Drug Dealer","floor":22,"gold_loss":0,"cards_obtained":["Clothesline","Flex"]}],"is_beta":false,"boss_relics":[{"not_picked":["Sozu","Tiny House"],"picked":"SlaversCollar"}],"items_purged_floors":[5],"is_endless":false,"potions_floor_spawned":[1,4,14,23],"killed_by":"3 Cultists","ascension_level":10}