{"gold_per_floor":[109,109,31,41,54,54,83,83,135,135,135,60,100,114,114,238,238,258,208,233,233,251,289,289,309,309,309,113,157,11,29,29,29],"floor_reached":33,"playtime":1722,"items_purged":["Strike_R","Strike_R"],"score":440,"play_id":"1b4074ab-eeed-4428-8c1f-cc55f0f19f6f","local_time":"20221225135347","is_ascension_mode":true,"campfire_choices":[{"data":"Armaments","floor":6.0,"key":"SMITH"},{"data":"Uppercut","floor":8.0,"key":"SMITH"},{"data":"Reaper","floor":10.0,"key":"SMITH"},{"data":"Metallicize","floor":15,"key":"SMITH"},{"data":"Second Wind","floor":24,"key":"SMITH"},{"data":"Bash","floor":27,"key":"SMITH"},{"floor":32,"key":"REST"}],"neow_cost":"","seed_source_timestamp":782068095349500,"circlet_count":0,"master_deck":["AscendersBane","Strike_R","Strike_R","Strike_R","Defend_R","Defend_R","Defend_R","Bash+1","Armaments+1","Sword Boomerang","Evolve","Cleave","Reaper+1","Uppercut+1","Second Wind+1","Metallicize+1","Immolate","True Grit+1","Impatience","Shrug It Off+1","Carnage"],"special_seed":0,"relics":["Burning Blood","moreChoices:MoreCardChoices","Toy Ornithopter","Golden Idol","Blood Vial","energizedSpire:CursedPentagram","Nloth\u0027s Gift","bronze:BronzeIdol","Bag of Preparation","Strawberry","OrangePellets"],"potions_floor_usage":[16,18,23,25,29],"damage_taken":[{"damage":10.0,"enemies":"Small Slimes","floor":1.0,"turns":4.0},{"damage":1.0,"enemies":"Cultist","floor":4.0,"turns":4.0},{"damage":12.0,"enemies":"2 Louse","floor":5.0,"turns":3.0},{"damage":38.0,"enemies":"Lagavulin","floor":7.0,"turns":9.0},{"damage":35,"enemies":"3 Sentries","floor":13,"turns":5},{"damage":0,"enemies":"Large Slime","floor":14,"turns":6},{"damage":25,"enemies":"The Guardian","floor":16,"turns":15},{"damage":10,"enemies":"Shell Parasite","floor":18,"turns":4},{"damage":17,"enemies":"Spheric Guardian","floor":20,"turns":4},{"damage":20,"enemies":"Centurion and Healer","floor":22,"turns":9},{"damage":48,"enemies":"Slavers","floor":23,"turns":5},{"damage":24,"enemies":"Sentry and Sphere","floor":25,"turns":6},{"damage":56,"enemies":"Book of Stabbing","floor":29,"turns":8},{"damage":24,"enemies":"Snake Plant","floor":31,"turns":5},{"damage":61,"enemies":"Champ","floor":33,"turns":10}],"seed_played":"4142569081162533258","potions_obtained":[{"floor":1.0,"key":"PowerPotion"},{"floor":14,"key":"BlessingOfTheForge"},{"floor":16,"key":"Energy Potion"},{"floor":20,"key":"CultistPotion"},{"floor":25,"key":"BloodPotion"},{"floor":29,"key":"BloodPotion"}],"is_trial":false,"path_per_floor":["M","?","$","M","M","R","E","R","T","R","?","$","E","M","R","B",null,"M","?","M","?","M","E","R","M","T","R","$","E","$","M","R","B"],"character_chosen":"IRONCLAD","items_purchased":["Evolve","Impatience","OrangePellets"],"campfire_rested":1,"item_purchase_floors":[3,28,30],"current_hp_per_floor":[68,68,68,73,67,67,42,42,42,42,42,42,34,54,54,51,68,74,74,69,69,69,42,42,50,50,50,50,37,37,28,52,0],"gold":29,"neow_bonus":"","is_prod":false,"is_daily":false,"chose_seed":false,"campfire_upgraded":6,"win_rate":0,"timestamp":1671994427,"path_taken":["M","?","$","M","?","R","E","R","T","R","?","$","E","M","R","BOSS","M","?","M","?","M","E","R","M","T","R","$","E","$","?","R","BOSS"],"build_version":"2022-12-18","purchased_purges":2,"victory":false,"max_hp_per_floor":[80,80,80,80,80,80,80,80,80,80,74,74,74,74,74,74,74,74,74,74,74,74,74,74,74,74,74,74,81,81,81,81,81],"card_choices":[{"not_picked":["Body Slam","Anger","Battle Trance","True Grit"],"picked":"Armaments","floor":1.0},{"not_picked":["Havoc","Sword Boomerang","Seeing Red","Clothesline"],"picked":"Cleave","floor":4.0},{"not_picked":["Disarm","Combust","Iron Wave","Burning Pact"],"picked":"Reaper","floor":5.0},{"not_picked":["Dark Embrace","Pommel Strike","Fire Breathing","Heavy Blade"],"picked":"Uppercut","floor":7.0},{"not_picked":["Wild Strike","Warcry","Disarm","Flex"],"picked":"Second Wind","floor":13},{"not_picked":["Berserk","Infernal Blade","Clash","Hemokinesis"],"picked":"Metallicize","floor":14},{"not_picked":["Barricade","Berserk","Exhume","Brutality"],"picked":"Immolate","floor":16},{"not_picked":["Clothesline","Armaments","Cleave","Wild Strike","Heavy Blade"],"picked":"SKIP","floor":18},{"not_picked":["Pommel Strike","Battle Trance","Disarm+1","Sword Boomerang"],"picked":"True Grit+1","floor":20},{"not_picked":["Wild Strike+1","Twin Strike","Havoc","Flex","Anger+1"],"picked":"SKIP","floor":22},{"not_picked":["Seeing Red+1","Headbutt","Armaments","Pummel","Blood for Blood+1"],"picked":"SKIP","floor":23},{"not_picked":["Entrench","Flex","Fiend Fire","Second Wind","Twin Strike"],"picked":"SKIP","floor":25},{"not_picked":["Battle Trance","Sword Boomerang+1","Sentinel","Heavy Blade"],"picked":"Shrug It Off+1","floor":29},{"not_picked":["Reckless Charge","Second Wind","Havoc","Entrench+1"],"picked":"Carnage","floor":31}],"player_experience":1164032,"relics_obtained":[{"floor":7.0,"key":"Vajra"},{"floor":9.0,"key":"Toy Ornithopter"},{"floor":13,"key":"Blood Vial"},{"floor":23,"key":"bronze:BronzeIdol"},{"floor":26,"key":"Bag of Preparation"},{"floor":29,"key":"Strawberry"}],"event_choices":[{"damage_healed":0.0,"max_hp_gain":0.0,"max_hp_loss":0.0,"gold_gain":0.0,"cards_transformed":["Defend_R"],"event_name":"Transmorgrifier","player_choice":"Transformed","floor":2.0,"gold_loss":0.0,"damage_taken":0.0,"cards_obtained":["Sword Boomerang"]},{"damage_healed":0.0,"max_hp_gain":0.0,"max_hp_loss":6.0,"gold_gain":0.0,"event_name":"Golden Idol","player_choice":"Lose Max HP","floor":11.0,"gold_loss":0.0,"damage_taken":0.0,"relics_obtained":["Golden Idol"]},{"damage_healed":0,"gold_gain":0,"player_choice":"Bet on Owner","damage_taken":0,"max_hp_gain":0,"max_hp_loss":0,"event_name":"The Joust","floor":19,"gold_loss":50},{"damage_healed":0,"gold_gain":0,"player_choice":"Traded Relic","damage_taken":0,"relics_obtained":["Nloth\u0027s Gift"],"max_hp_gain":0,"max_hp_loss":0,"event_name":"N\u0027loth","floor":21,"relics_lost":["Vajra"],"gold_loss":0}],"is_beta":false,"boss_relics":[{"not_picked":["Coffee Dripper","Tiny House"],"picked":"energizedSpire:CursedPentagram"}],"items_purged_floors":[12,28],"is_endless":false,"potions_floor_spawned":[1,14,16,20,25,29],"killed_by":"Champ","ascension_level":10}