{"gold_per_floor":[111,14,14,26,101,101,131,131,131,172,188,138,177,198,198,198],"floor_reached":16,"playtime":686,"items_purged":[],"score":215,"play_id":"060b243f-8933-4bf1-b3ac-df86ced0418d","local_time":"20221230175009","is_ascension_mode":true,"campfire_choices":[{"data":"Bash","floor":6,"key":"SMITH"},{"data":"Hemokinesis","floor":8,"key":"SMITH"},{"data":"Second Wind","floor":15,"key":"SMITH"}],"neow_cost":"NONE","seed_source_timestamp":1229323556524500,"circlet_count":0,"master_deck":["AscendersBane","Strike_R","Strike_R","Strike_R","Strike_R","Defend_R","Defend_R","Defend_R","Defend_R","Bash+1","Headbutt","Hemokinesis+1","Anger","Thunderclap","Second Wind+1","Impervious","Impervious+1","True Grit+1"],"relics":["Burning Blood","NeowsBlessing","Singing Bowl","Pear","CeramicFish","Toxic Egg 2"],"potions_floor_usage":[13,13,16],"damage_taken":[{"damage":0,"enemies":"Cultist","floor":1,"turns":1},{"damage":0,"enemies":"Jaw Worm","floor":4,"turns":1},{"damage":0,"enemies":"Gremlin Nob","floor":7,"turns":1},{"damage":39,"enemies":"Lagavulin","floor":10,"turns":6},{"damage":0,"enemies":"2 Louse","floor":11,"turns":4},{"damage":18,"enemies":"3 Sentries","floor":13,"turns":6},{"damage":14,"enemies":"2 Fungi Beasts","floor":14,"turns":2},{"damage":44,"enemies":"The Guardian","floor":16,"turns":9}],"seed_played":"8124926825652561004","potions_obtained":[{"floor":10,"key":"ColorlessPotion"},{"floor":11,"key":"AttackPotion"},{"floor":13,"key":"Dexterity Potion"}],"is_trial":false,"path_per_floor":["M","$","$","M","?","R","E","R","T","E","M","?","E","M","R","B"],"character_chosen":"IRONCLAD","items_purchased":["Hemokinesis","Anger"],"campfire_rested":0,"item_purchase_floors":[2,2],"current_hp_per_floor":[78,78,78,80,69,69,75,75,85,52,60,60,48,40,40,0],"gold":198,"neow_bonus":"THREE_ENEMY_KILL","is_prod":false,"is_daily":false,"chose_seed":false,"campfire_upgraded":3,"win_rate":0,"timestamp":1672440609,"path_taken":["M","?","$","M","?","R","E","R","T","E","M","?","E","M","R","BOSS"],"build_version":"2022-12-18","purchased_purges":0,"victory":false,"max_hp_per_floor":[80,80,80,80,80,80,80,80,90,90,92,92,92,92,92,92],"card_choices":[{"not_picked":["Perfected Strike","Sword Boomerang"],"picked":"Headbutt","floor":1},{"not_picked":["Havoc","Perfected Strike"],"picked":"Thunderclap","floor":4},{"not_picked":["Infernal Blade","Heavy Blade"],"picked":"Second Wind","floor":7},{"not_picked":["Intimidate","Sword Boomerang"],"picked":"Impervious","floor":10},{"not_picked":["Flex","Clash","Anger"],"picked":"Singing Bowl","floor":11},{"not_picked":["Twin Strike","Limit Break+1"],"picked":"Impervious+1","floor":13},{"not_picked":["Cleave","Dropkick"],"picked":"True Grit+1","floor":14}],"player_experience":924467,"relics_obtained":[{"floor":7,"key":"Singing Bowl"},{"floor":9,"key":"Pear"},{"floor":10,"key":"CeramicFish"},{"floor":13,"key":"Toxic Egg 2"}],"event_choices":[{"damage_healed":0,"gold_gain":75,"player_choice":"Gather Gold","damage_taken":11,"max_hp_gain":0,"max_hp_loss":0,"event_name":"World of Goop","floor":5,"gold_loss":0},{"cards_removed":["Strike_R"],"damage_healed":0,"gold_gain":0,"player_choice":"Card Removal","damage_taken":0,"max_hp_gain":0,"max_hp_loss":0,"event_name":"The Cleric","floor":12,"gold_loss":50}],"is_beta":false,"boss_relics":[],"items_purged_floors":[],"is_endless":false,"potions_floor_spawned":[10,11,13],"killed_by":"The Guardian","ascension_level":10}