{"gold_per_floor":[118,118,118,130,29,29,58,72,95,95,113,151,169,169,169,298,298,321,321,146,106,120,120,120,120],"floor_reached":25,"playtime":680,"items_purged":["Defend_R","Strike_R+1"],"score":351,"play_id":"c0be1471-4bad-4ae7-a662-d7757440c8b5","local_time":"20221230221337","is_ascension_mode":true,"campfire_choices":[{"data":"Bludgeon","floor":6,"key":"SMITH"},{"data":"Armaments","floor":15,"key":"SMITH"},{"data":"Corruption","floor":23,"key":"SMITH"}],"neow_cost":"NONE","seed_source_timestamp":1245096858582600,"circlet_count":0,"master_deck":["AscendersBane","Strike_R+1","Defend_R+1","Defend_R+1","Defend_R+1","Bash","Second Wind","Bludgeon+1","Clash","Sword Boomerang+1","Inflame","True Grit","Clothesline+1","Corruption+1","Armaments+1","Impervious","Cleave","Shrug It Off","Power Through","Sentinel"],"relics":["Burning Blood","NeowsBlessing","MealTicket","Oddly Smooth Stone","Golden Idol","Pen Nib","Empty Cage"],"potions_floor_usage":[8,12,12,18],"damage_taken":[{"damage":0,"enemies":"Small Slimes","floor":1,"turns":1},{"damage":0,"enemies":"2 Louse","floor":4,"turns":1},{"damage":0,"enemies":"Lagavulin","floor":7,"turns":1},{"damage":0,"enemies":"Jaw Worm","floor":8,"turns":1},{"damage":4,"enemies":"Large Slime","floor":11,"turns":4},{"damage":13,"enemies":"3 Sentries","floor":12,"turns":3},{"damage":10,"enemies":"Red Slaver","floor":13,"turns":4},{"damage":60,"enemies":"Hexaghost","floor":16,"turns":9},{"damage":33,"enemies":"3 Byrds","floor":18,"turns":6},{"damage":25,"enemies":"Shell Parasite","floor":22,"turns":5},{"damage":37,"enemies":"Book of Stabbing","floor":25,"turns":5}],"seed_played":"-3629998907475474015","potions_obtained":[{"floor":1,"key":"EssenceOfSteel"},{"floor":4,"key":"SteroidPotion"},{"floor":11,"key":"ColorlessPotion"},{"floor":16,"key":"ElixirPotion"}],"is_trial":false,"path_per_floor":["M","?","?","M","$","R","E","M","T","?","M","E","M","?","R","B",null,"M","?","$","?","M","R","?","E"],"character_chosen":"IRONCLAD","items_purchased":["Sword Boomerang","Cleave","Shrug It Off"],"campfire_rested":0,"item_purchase_floors":[5,20,20],"current_hp_per_floor":[78,78,78,80,80,80,80,80,80,60,62,55,51,77,77,23,66,39,39,54,54,35,35,35,0],"gold":120,"neow_bonus":"THREE_ENEMY_KILL","is_prod":false,"is_daily":false,"chose_seed":false,"campfire_upgraded":3,"win_rate":0,"timestamp":1672456417,"path_taken":["M","?","?","M","$","R","E","M","T","?","M","E","M","?","R","BOSS","M","?","$","?","?","R","?","E"],"build_version":"2022-12-18","purchased_purges":2,"victory":false,"max_hp_per_floor":[80,80,80,80,80,80,80,80,80,80,80,80,80,80,80,80,80,80,80,80,80,80,80,80,80],"card_choices":[{"not_picked":["Clash","Whirlwind"],"picked":"Second Wind","floor":1},{"not_picked":["Dual Wield","Twin Strike"],"picked":"Clash","floor":4},{"not_picked":["Twin Strike","Armaments"],"picked":"Inflame","floor":7},{"not_picked":["Rampage","Perfected Strike"],"picked":"True Grit","floor":8},{"not_picked":["Flex","Warcry"],"picked":"Clothesline","floor":11},{"not_picked":["True Grit","Clothesline"],"picked":"Corruption","floor":12},{"not_picked":["Dual Wield","Heavy Blade"],"picked":"Armaments","floor":13},{"not_picked":["Berserk","Corruption"],"picked":"Impervious","floor":16},{"not_picked":["True Grit","Heavy Blade","Havoc+1"],"picked":"SKIP","floor":18},{"not_picked":["Havoc+1","Reckless Charge"],"picked":"Power Through","floor":22}],"player_experience":1186967,"relics_obtained":[{"floor":7,"key":"MealTicket"},{"floor":9,"key":"Oddly Smooth Stone"},{"floor":12,"key":"Pen Nib"}],"event_choices":[{"damage_healed":0,"gold_gain":0,"cards_transformed":["Strike_R"],"player_choice":"Change","damage_taken":0,"max_hp_gain":0,"max_hp_loss":0,"event_name":"Living Wall","floor":2,"gold_loss":0,"cards_obtained":["Bludgeon"]},{"damage_healed":0,"gold_gain":0,"player_choice":"Ignored","damage_taken":0,"max_hp_gain":0,"max_hp_loss":0,"event_name":"Liars Game","floor":3,"gold_loss":0},{"damage_healed":0,"gold_gain":0,"player_choice":"Take Damage","damage_taken":20,"relics_obtained":["Golden Idol"],"max_hp_gain":0,"max_hp_loss":0,"event_name":"Golden Idol","floor":10,"gold_loss":0},{"damage_healed":26,"gold_gain":0,"player_choice":"Banana","damage_taken":0,"max_hp_gain":0,"max_hp_loss":0,"event_name":"Big Fish","floor":14,"gold_loss":0},{"damage_healed":0,"gold_gain":0,"player_choice":"Simplicity","damage_taken":0,"max_hp_gain":0,"max_hp_loss":0,"event_name":"Back to Basics","floor":19,"gold_loss":0,"cards_upgraded":["Strike_R","Strike_R","Defend_R","Defend_R","Defend_R"]},{"damage_healed":0,"gold_gain":0,"player_choice":"Upgraded Two","damage_taken":0,"max_hp_gain":0,"max_hp_loss":0,"event_name":"Designer","floor":21,"gold_loss":40,"cards_upgraded":["Clothesline","Sword Boomerang"]},{"damage_healed":0,"gold_gain":0,"player_choice":"Read","damage_taken":0,"max_hp_gain":0,"max_hp_loss":0,"event_name":"The Library","floor":24,"gold_loss":0,"cards_obtained":["Sentinel"]}],"is_beta":false,"boss_relics":[{"not_picked":["Calling Bell","Snecko Eye"],"picked":"Empty Cage"}],"items_purged_floors":[5,20],"is_endless":false,"potions_floor_spawned":[1,4,11,16],"killed_by":"Book of Stabbing","ascension_level":10}