{"gold_per_floor":[110,122,20,20,36,36,64,75,126,137,167,15,15,27,27,126,126,137,137,12,51,68,113,113,113],"floor_reached":25,"playtime":758,"items_purged":["ICR:ShieldBash","ICR:ShieldBash","ICR:RageStrike"],"score":375,"play_id":"acc89859-f37d-435a-aa15-6aea30258344","local_time":"20230117164837","is_ascension_mode":true,"campfire_choices":[{"data":"Armaments","floor":6,"key":"SMITH"},{"data":"Flex","floor":13,"key":"SMITH"},{"floor":15,"key":"REST"},{"floor":24,"key":"REST"}],"neow_cost":"NONE","seed_source_timestamp":147931375987500,"circlet_count":0,"master_deck":["AscendersBane","Bash","ICR:RageStrike","ICR:RageStrike","ICR:RageStrike","ICR:RageStrike","ICR:ShieldBash","ICR:ShieldBash","Carnage+1","Spot Weakness","Armaments+1","Dark Shackles","Thunderclap","Flex+1","Demon Form","HandOfGreed","ICR:PowerAttack","Pommel Strike+1"],"relics":["Burning Blood","FaceOfCleric","Singing Bowl","Nunchaku","Vajra","Runic Dome","Bottled Tornado"],"potions_floor_usage":[5,7,7,11,16,23,23,23,25],"damage_taken":[{"damage":15,"enemies":"2 Louse","floor":1,"turns":4},{"damage":0,"enemies":"Cultist","floor":2,"turns":3},{"damage":8,"enemies":"Small Slimes","floor":5,"turns":4},{"damage":10,"enemies":"Lagavulin","floor":7,"turns":4},{"damage":14,"enemies":"Looter","floor":8,"turns":3},{"damage":22,"enemies":"Large Slime","floor":10,"turns":4},{"damage":20,"enemies":"3 Sentries","floor":11,"turns":5},{"damage":22,"enemies":"Gremlin Gang","floor":14,"turns":3},{"damage":10,"enemies":"Slime Boss","floor":16,"turns":7},{"damage":13,"enemies":"2 Thieves","floor":18,"turns":4},{"damage":30,"enemies":"Shell Parasite","floor":21,"turns":4},{"damage":43,"enemies":"Snake Plant","floor":22,"turns":3},{"damage":24,"enemies":"Book of Stabbing","floor":23,"turns":4},{"damage":47,"enemies":"Slavers","floor":25,"turns":2}],"seed_played":"-1665276158108890264","potions_obtained":[{"floor":2,"key":"EntropicBrew"},{"floor":5,"key":"bad_spire:modern"},{"floor":11,"key":"BlessingOfTheForge"},{"floor":16,"key":"Block Potion"},{"floor":21,"key":"Fire Potion"},{"floor":22,"key":"DistilledChaos"},{"floor":23,"key":"DuplicationPotion"}],"is_trial":false,"path_per_floor":["M","M","$","?","M","R","E","M","T","M","E","$","R","M","R","B",null,"M","?","$","M","M","E","R","E"],"character_chosen":"IRONCLAD","items_purchased":["Armaments","Flex"],"campfire_rested":2,"item_purchase_floors":[3,12],"current_hp_per_floor":[63,69,69,69,68,68,65,60,60,47,36,36,36,23,51,50,85,81,81,81,60,26,9,41,0],"gold":113,"neow_bonus":"IRONCLAD_RAGER","is_prod":false,"is_daily":false,"chose_seed":false,"campfire_upgraded":2,"win_rate":0,"timestamp":1673992117,"path_taken":["M","M","$","?","?","R","E","M","T","M","E","$","R","M","R","BOSS","M","?","$","M","M","E","R","E"],"build_version":"2022-12-18","purchased_purges":3,"victory":false,"max_hp_per_floor":[80,80,80,80,81,81,82,85,85,88,91,91,91,94,94,97,97,100,100,100,103,106,107,107,107],"card_choices":[{"not_picked":["Cleave","Headbutt"],"picked":"Carnage","floor":1},{"not_picked":["Iron Wave","Sword Boomerang"],"picked":"Spot Weakness","floor":2},{"not_picked":["Magnetism","bad_spire:momentum"],"picked":"Dark Shackles","floor":5},{"not_picked":["Wild Strike","Clothesline","Armaments"],"picked":"SKIP","floor":5},{"not_picked":["Flex","Dual Wield"],"picked":"Thunderclap","floor":7},{"not_picked":["Flex","Havoc","Reckless Charge"],"picked":"Singing Bowl","floor":8},{"not_picked":["Infernal Blade","Twin Strike","Perfected Strike"],"picked":"Singing Bowl","floor":10},{"not_picked":["Feel No Pain","Twin Strike","Seeing Red"],"picked":"Singing Bowl","floor":11},{"not_picked":["Hemokinesis","Thunderclap","Sword Boomerang"],"picked":"Singing Bowl","floor":14},{"not_picked":["Impervious","Berserk"],"picked":"Demon Form","floor":16},{"not_picked":["bad_spire:inspiration","bad_spire:disleg","Chrysalis"],"picked":"Singing Bowl","floor":16},{"not_picked":["Dark Embrace+1","Perfected Strike+1","Sword Boomerang"],"picked":"Singing Bowl","floor":18},{"not_picked":["bad_spire:optics","bad_spire:conjure"],"picked":"HandOfGreed","floor":18},{"not_picked":["Clash+1","Cleave","Shrug It Off"],"picked":"Singing Bowl","floor":21},{"not_picked":["Sword Boomerang","Carnage+1"],"picked":"ICR:PowerAttack","floor":22},{"not_picked":["bad_spire:inspiration","bad_spire:shackles","bad_spire:backthought"],"picked":"Singing Bowl","floor":22},{"not_picked":["Burning Pact","Anger"],"picked":"Pommel Strike+1","floor":23}],"player_experience":1129337,"relics_obtained":[{"floor":7,"key":"Singing Bowl"},{"floor":9,"key":"Nunchaku"},{"floor":11,"key":"Vajra"},{"floor":23,"key":"Bottled Tornado"}],"event_choices":[{"damage_healed":0,"gold_gain":0,"player_choice":"Trade","damage_taken":0,"relics_obtained":["FaceOfCleric"],"max_hp_gain":0,"max_hp_loss":0,"event_name":"FaceTrader","floor":4,"gold_loss":0},{"damage_healed":0,"gold_gain":0,"player_choice":"Forge","damage_taken":0,"max_hp_gain":0,"max_hp_loss":0,"event_name":"Accursed Blacksmith","floor":19,"gold_loss":0,"cards_upgraded":["Carnage"]}],"is_beta":false,"boss_relics":[{"not_picked":["SacredBark","Pandora\u0027s Box"],"picked":"Runic Dome"}],"items_purged_floors":[3,12,20],"is_endless":false,"potions_floor_spawned":[2,5,11,16,21,22,23],"killed_by":"Slavers","ascension_level":10}