{"gold_per_floor":[111,128,144,162,175,209,209,232,232,232,261,261,286,357,357,460,460,474,492,378,378,45,373,373,373,422,449,449,449,474,89,89,185,185,198,211,230,280,132,132],"floor_reached":40,"playtime":1608,"items_purged":["ICR:RageStrike","ICR:RageStrike","ICR:ShieldBash"],"score":602,"play_id":"d550cd94-242a-492e-ad87-5955b951ac89","local_time":"20230116010825","is_ascension_mode":true,"campfire_choices":[{"data":"Juggernaut","floor":7,"key":"SMITH"},{"floor":10,"key":"REST"},{"floor":12,"key":"REST"},{"data":"Rupture","floor":15,"key":"SMITH"},{"data":"Flex","floor":24,"key":"SMITH"},{"data":"Feed","floor":28,"key":"SMITH"},{"data":"Offering","floor":32,"key":"SMITH"}],"neow_cost":"NONE","seed_source_timestamp":4263763943000,"circlet_count":0,"master_deck":["Bash","ICR:RageStrike","ICR:RageStrike","ICR:RageStrike","ICR:ShieldBash","ICR:ShieldBash","ICR:ShieldBash","Wild Strike","Combust","Flex+1","Spot Weakness+1","Metallicize","Juggernaut+1","Carnage","Iron Wave","Rupture+1","Offering+1","CurseOfTheBell","True Grit+1","Uppercut","Offering","Blood for Blood","Feed+1","Battle Trance","Blood for Blood","Brutality","Rage+1","Shrug It Off+1","Heavy Blade+1","Bludgeon"],"relics":["Burning Blood","Akabeko","Odd Mushroom","StrikeDummy","Bottled Lightning","Juzu Bracelet","Meat on the Bone","Calling Bell","Bag of Marbles","Sundial","Torii","DollysMirror","Old Coin","Lantern","Art of War","Incense Burner","Lee\u0027s Waffle","Snecko Eye","FossilizedHelix"],"potions_floor_usage":[6,11,16,33,40,40],"damage_taken":[{"damage":2,"enemies":"Cultist","floor":1,"turns":4},{"damage":8,"enemies":"2 Louse","floor":2,"turns":2},{"damage":14,"enemies":"Jaw Worm","floor":3,"turns":2},{"damage":17,"enemies":"Red Slaver","floor":4,"turns":3},{"damage":23,"enemies":"Lots of Slimes","floor":5,"turns":3},{"damage":11,"enemies":"3 Sentries","floor":6,"turns":4},{"damage":31,"enemies":"The Mushroom Lair","floor":8,"turns":4},{"damage":17,"enemies":"Lagavulin","floor":11,"turns":5},{"damage":15,"enemies":"3 Sentries","floor":13,"turns":5},{"damage":30,"enemies":"Slime Boss","floor":16,"turns":5},{"damage":12,"enemies":"Spheric Guardian","floor":18,"turns":3},{"damage":18,"enemies":"Chosen","floor":19,"turns":3},{"damage":36,"enemies":"Slavers","floor":23,"turns":4},{"damage":19,"enemies":"Gremlin Leader","floor":27,"turns":3},{"damage":30,"enemies":"Book of Stabbing","floor":30,"turns":3},{"damage":78,"enemies":"Collector","floor":33,"turns":7},{"damage":27,"enemies":"3 Shapes","floor":35,"turns":3},{"damage":18,"enemies":"Orb Walker","floor":36,"turns":2},{"damage":13,"enemies":"Jaw Worm Horde","floor":37,"turns":3},{"damage":6,"enemies":"Mind Bloom Boss Battle","floor":38,"turns":4},{"damage":69,"enemies":"Reptomancer","floor":40,"turns":3}],"seed_played":"1357054989776627804","potions_obtained":[{"floor":1,"key":"PowerPotion"},{"floor":2,"key":"Strength Potion"},{"floor":4,"key":"DistilledChaos"},{"floor":13,"key":"SteroidPotion"},{"floor":27,"key":"SteroidPotion"},{"floor":30,"key":"ElixirPotion"},{"floor":33,"key":"SteroidPotion"}],"is_trial":false,"path_per_floor":["M","M","M","M","M","E","R","?","T","R","E","R","E","T","R","B",null,"M","M","$","?","$","E","R","?","T","E","R","?","E","$","R","B",null,"M","M","M","?","$","E"],"character_chosen":"IRONCLAD","items_purchased":["Uppercut","DollysMirror","Blood for Blood","Lee\u0027s Waffle","Battle Trance","Blood for Blood","Bludgeon"],"campfire_rested":2,"item_purchase_floors":[20,22,22,31,31,31,39],"current_hp_per_floor":[80,78,70,59,42,37,37,12,12,36,25,49,40,40,40,28,80,74,62,62,62,62,44,44,44,44,46,46,46,34,90,90,30,90,73,65,58,58,58,0],"gold":132,"neow_bonus":"IRONCLAD_RAGER","is_prod":false,"is_daily":false,"chose_seed":false,"campfire_upgraded":5,"win_rate":0,"timestamp":1673849305,"path_taken":["M","M","M","M","?","E","R","?","T","R","E","R","E","?","R","BOSS","M","M","?","?","$","E","R","?","T","E","R","?","E","$","R","BOSS","M","M","M","?","$","E"],"build_version":"2022-12-18","purchased_purges":3,"victory":false,"max_hp_per_floor":[80,80,80,80,80,80,80,80,80,80,80,80,80,80,80,80,80,80,80,80,80,80,80,80,80,80,83,83,83,83,90,90,90,90,94,98,98,98,98,98],"card_choices":[{"not_picked":["Whirlwind","Headbutt"],"picked":"Wild Strike","floor":1},{"not_picked":["Armaments","Bloodletting"],"picked":"Combust","floor":2},{"not_picked":["Warcry","Wild Strike"],"picked":"Flex","floor":3},{"not_picked":["True Grit","Twin Strike"],"picked":"Spot Weakness","floor":4},{"not_picked":["Dual Wield","Sword Boomerang"],"picked":"Metallicize","floor":5},{"not_picked":["Havoc","Clothesline"],"picked":"Juggernaut","floor":6},{"not_picked":["Seeing Red","Sword Boomerang"],"picked":"Carnage","floor":8},{"not_picked":["Entrench","Pommel Strike"],"picked":"Iron Wave","floor":11},{"not_picked":["Warcry","Fiend Fire"],"picked":"Rupture","floor":13},{"not_picked":["Double Tap","Demon Form"],"picked":"Offering","floor":16},{"not_picked":["Flame Barrier","Iron Wave"],"picked":"True Grit+1","floor":18},{"not_picked":["Armaments+1","Dark Embrace","Sword Boomerang"],"picked":"SKIP","floor":19},{"not_picked":["Whirlwind+1","Iron Wave+1"],"picked":"Feed","floor":23},{"not_picked":["Combust+1","Bloodletting","Blood for Blood+1"],"picked":"SKIP","floor":27},{"not_picked":["Warcry","Thunderclap","True Grit+1"],"picked":"SKIP","floor":30},{"not_picked":["Immolate","Berserk"],"picked":"Brutality","floor":33},{"not_picked":["Metallicize","Thunderclap"],"picked":"Rage+1","floor":35},{"not_picked":["Intimidate+1","Havoc"],"picked":"Shrug It Off+1","floor":36},{"not_picked":["Warcry","Havoc+1"],"picked":"Heavy Blade+1","floor":37}],"player_experience":1085060,"relics_obtained":[{"floor":6,"key":"Akabeko"},{"floor":8,"key":"Odd Mushroom"},{"floor":9,"key":"StrikeDummy"},{"floor":11,"key":"Bottled Lightning"},{"floor":13,"key":"Juzu Bracelet"},{"floor":14,"key":"Meat on the Bone"},{"floor":17,"key":"Bag of Marbles"},{"floor":17,"key":"Sundial"},{"floor":17,"key":"Torii"},{"floor":23,"key":"Old Coin"},{"floor":26,"key":"Lantern"},{"floor":27,"key":"Art of War"},{"floor":30,"key":"Incense Burner"},{"floor":38,"key":"FossilizedHelix"}],"event_choices":[{"damage_healed":0,"gold_gain":0,"player_choice":"Fought Mushrooms","damage_taken":0,"max_hp_gain":0,"max_hp_loss":0,"event_name":"Mushrooms","floor":8,"gold_loss":0},{"damage_healed":0,"gold_gain":0,"player_choice":"Ignored","damage_taken":0,"max_hp_gain":0,"max_hp_loss":0,"event_name":"betterNote:BetterNote","floor":21,"gold_loss":0,"cards_obtained":["Combust"]},{"damage_healed":0,"gold_gain":0,"player_choice":"Ignored","damage_taken":0,"max_hp_gain":0,"max_hp_loss":0,"event_name":"The Mausoleum","floor":25,"gold_loss":0},{"damage_healed":0,"gold_gain":0,"player_choice":"Upgraded","damage_taken":0,"max_hp_gain":0,"max_hp_loss":0,"event_name":"Upgrade Shrine","floor":29,"gold_loss":0,"cards_upgraded":["Spot Weakness"]},{"damage_healed":0,"gold_gain":0,"player_choice":"Fight","damage_taken":0,"max_hp_gain":0,"max_hp_loss":0,"event_name":"MindBloom","floor":38,"gold_loss":0}],"is_beta":false,"boss_relics":[{"not_picked":["Astrolabe","SacredBark"],"picked":"Calling Bell"},{"not_picked":["Cursed Key","Coffee Dripper"],"picked":"Snecko Eye"}],"items_purged_floors":[20,22,31],"is_endless":false,"potions_floor_spawned":[1,2,4,5,13,27,30,33,37],"killed_by":"Reptomancer","ascension_level":4}