{"gold_per_floor":[116,116,134,144,156,181,192,192,192,16,48,58,58,77,77,178,178,191,208,208,228,153,153,181,195,221,221,221,221,58,69,69,164,164,177,177,193,193,193,193,226,226,226,238,257,270,270,18,18,18],"floor_reached":51,"playtime":2663,"items_purged":["Defend_R","Strike_R"],"score":1034,"play_id":"6510d30a-4c68-451b-b0bc-b79497cdd0ad","local_time":"20230115215737","is_ascension_mode":false,"campfire_choices":[{"data":"True Grit","floor":8,"key":"SMITH"},{"floor":13,"key":"REST"},{"data":"Armaments","floor":15,"key":"SMITH"},{"data":"Rupture","floor":23,"key":"SMITH"},{"data":"Pommel Strike","floor":27,"key":"SMITH"},{"data":"Combust","floor":29,"key":"SMITH"},{"floor":32,"key":"REST"},{"data":"Rage","floor":40,"key":"SMITH"},{"floor":42,"key":"REST"},{"data":"Bludgeon","floor":47,"key":"SMITH"},{"data":"Bash","floor":49,"key":"SMITH"}],"neow_cost":"","seed_source_timestamp":398506015828100,"circlet_count":0,"master_deck":["Strike_R+1","Strike_R+1","Strike_R+1","Defend_R+1","Defend_R+1","Defend_R+1","Bash+1","Thunderclap","Dropkick","Rage+1","Combust+1","Anger","Cleave","True Grit+1","Rupture+1","Sentinel","Battle Trance","Armaments+1","Limit Break+1","Second Wind+1","Shrug It Off+1","Heavy Blade+1","Pommel Strike+1","Immolate","Power Through+1","Bludgeon+1","Mayhem"],"relics":["Black Blood","Pantograph","Regal Pillow","Anchor","Mummified Hand","Tiny Chest","Busted Crown","Thread and Needle","Ornamental Fan","Singing Bowl","Bottled Tornado"],"potions_floor_usage":[4,7,12,18,18,31,33,41,50],"damage_taken":[{"damage":8,"enemies":"Small Slimes","floor":1,"turns":4},{"damage":0,"enemies":"Cultist","floor":3,"turns":3},{"damage":0,"enemies":"Jaw Worm","floor":4,"turns":3},{"damage":18,"enemies":"Exordium Wildlife","floor":5,"turns":4},{"damage":29,"enemies":"Gremlin Nob","floor":6,"turns":4},{"damage":3,"enemies":"3 Louse","floor":7,"turns":2},{"damage":21,"enemies":"Lagavulin","floor":11,"turns":7},{"damage":9,"enemies":"Exordium Thugs","floor":12,"turns":4},{"damage":4,"enemies":"Large Slime","floor":14,"turns":5},{"damage":40,"enemies":"Slime Boss","floor":16,"turns":7},{"damage":9,"enemies":"2 Thieves","floor":18,"turns":5},{"damage":13,"enemies":"3 Byrds","floor":19,"turns":5},{"damage":15,"enemies":"Cultist and Chosen","floor":21,"turns":8},{"damage":46,"enemies":"Gremlin Leader","floor":24,"turns":8},{"damage":10,"enemies":"Centurion and Healer","floor":25,"turns":6},{"damage":36,"enemies":"Snake Plant","floor":31,"turns":5},{"damage":54,"enemies":"Collector","floor":33,"turns":8},{"damage":0,"enemies":"Orb Walker","floor":35,"turns":2},{"damage":1,"enemies":"3 Shapes","floor":37,"turns":2},{"damage":69,"enemies":"Nemesis","floor":41,"turns":7},{"damage":16,"enemies":"3 Darklings","floor":44,"turns":7},{"damage":27,"enemies":"Jaw Worm Horde","floor":45,"turns":4},{"damage":4,"enemies":"Transient","floor":46,"turns":5},{"damage":39,"enemies":"Time Eater","floor":50,"turns":9}],"seed_played":"4313365679826931535","potions_obtained":[{"floor":1,"key":"SkillPotion"},{"floor":6,"key":"Fire Potion"},{"floor":7,"key":"SpeedPotion"},{"floor":11,"key":"AttackPotion"},{"floor":16,"key":"AttackPotion"},{"floor":25,"key":"Energy Potion"},{"floor":31,"key":"FearPotion"},{"floor":35,"key":"Ancient Potion"},{"floor":37,"key":"GamblersBrew"}],"is_trial":false,"path_per_floor":["M","?","M","M","M","E","M","R","T","$","E","M","R","M","R","B",null,"M","M","?","M","?","R","E","M","T","R","?","R","$","M","R","B",null,"M","?","M","?","T","R","E","R","T","M","M","M","R","$","R","B",null],"character_chosen":"IRONCLAD","items_purchased":["Thunderclap","Dropkick","Rage","Sentinel","Immolate","Bottled Tornado"],"campfire_rested":3,"item_purchase_floors":[0,0,0,10,30,48],"current_hp_per_floor":[64,64,70,76,64,41,44,44,44,44,29,26,65,67,67,46,80,80,79,79,76,76,76,42,44,44,44,44,44,44,20,59,38,80,80,80,80,80,80,80,23,62,62,60,47,57,57,57,57,55],"gold":18,"neow_bonus":"","is_prod":false,"is_daily":false,"chose_seed":false,"campfire_upgraded":8,"win_rate":0,"timestamp":1673837857,"path_taken":["M","?","M","M","M","E","M","R","T","$","E","M","R","?","R","BOSS","M","M","?","M","?","R","E","M","T","R","?","R","$","M","R","BOSS","M","?","M","?","?","R","E","R","T","M","?","M","R","$","R","BOSS"],"build_version":"2022-12-18","purchased_purges":2,"victory":true,"max_hp_per_floor":[80,80,80,80,80,80,80,80,80,80,80,80,80,80,80,80,80,80,80,80,80,80,80,80,80,80,80,80,80,80,80,80,80,80,80,80,80,80,80,80,80,80,80,82,84,86,86,86,86,86],"card_choices":[{"not_picked":["Shrug It Off","Clothesline"],"picked":"Combust","floor":1},{"not_picked":["Seeing Red","Cleave"],"picked":"Anger","floor":3},{"not_picked":["Dual Wield","Iron Wave"],"picked":"Cleave","floor":4},{"not_picked":["Rampage","Wild Strike"],"picked":"True Grit","floor":5},{"not_picked":["Clothesline","Sever Soul"],"picked":"Evolve","floor":6},{"not_picked":["Shrug It Off","Armaments"],"picked":"Rupture","floor":7},{"not_picked":["Fire Breathing","Seeing Red"],"picked":"Battle Trance","floor":11},{"not_picked":["Heavy Blade","Sword Boomerang"],"picked":"Armaments","floor":12},{"not_picked":["Heavy Blade","Iron Wave","Reckless Charge"],"picked":"SKIP","floor":14},{"not_picked":["Brutality","Reaper"],"picked":"Limit Break","floor":16},{"not_picked":["Wild Strike","Rampage+1"],"picked":"Second Wind+1","floor":18},{"not_picked":["Perfected Strike","Anger"],"picked":"Shrug It Off+1","floor":19},{"not_picked":["Havoc+1","Reckless Charge","Cleave+1"],"picked":"SKIP","floor":21},{"not_picked":["Body Slam","Warcry"],"picked":"Heavy Blade+1","floor":24},{"not_picked":["Heavy Blade+1","Pummel+1"],"picked":"Pommel Strike","floor":25},{"not_picked":["Blood for Blood+1","Shockwave+1"],"picked":"Power Through+1","floor":31},{"not_picked":["Immolate","Demon Form"],"picked":"Bludgeon","floor":33},{"not_picked":["Whirlwind"],"picked":"SKIP","floor":35},{"not_picked":["Fire Breathing"],"picked":"SKIP","floor":37},{"not_picked":[],"picked":"Mayhem","floor":38},{"not_picked":["Iron Wave"],"picked":"SKIP","floor":41},{"not_picked":["Infernal Blade+1"],"picked":"Singing Bowl","floor":44},{"not_picked":["Dropkick"],"picked":"Singing Bowl","floor":45},{"not_picked":["Body Slam"],"picked":"Singing Bowl","floor":46}],"player_experience":1077183,"relics_obtained":[{"floor":6,"key":"Pantograph"},{"floor":9,"key":"Regal Pillow"},{"floor":11,"key":"Anchor"},{"floor":24,"key":"Mummified Hand"},{"floor":26,"key":"Tiny Chest"},{"floor":39,"key":"Thread and Needle"},{"floor":41,"key":"Ornamental Fan"},{"floor":43,"key":"Singing Bowl"}],"event_choices":[{"cards_removed":["Combust"],"damage_healed":0,"gold_gain":0,"player_choice":"Give","damage_taken":0,"max_hp_gain":0,"max_hp_loss":0,"event_name":"betterNote:BetterNote","floor":2,"gold_loss":0,"cards_obtained":["Strike_P"]},{"damage_healed":0,"gold_gain":0,"player_choice":"Simplicity","damage_taken":0,"max_hp_gain":0,"max_hp_loss":7,"event_name":"betterThird:BetterWriting","floor":20,"gold_loss":0},{"cards_removed":["Strike_R"],"damage_healed":0,"gold_gain":0,"player_choice":"Gave Gold","damage_taken":0,"max_hp_gain":0,"max_hp_loss":0,"event_name":"Beggar","floor":22,"gold_loss":75},{"damage_healed":0,"gold_gain":0,"player_choice":"Forge","damage_taken":0,"max_hp_gain":0,"max_hp_loss":0,"event_name":"Accursed Blacksmith","floor":28,"gold_loss":0,"cards_upgraded":["Limit Break"]},{"cards_removed":["Evolve"],"damage_healed":0,"gold_gain":0,"player_choice":"Removed Power","damage_taken":0,"max_hp_gain":0,"max_hp_loss":0,"event_name":"Falling","floor":36,"gold_loss":0},{"damage_healed":0,"gold_gain":0,"player_choice":"Memory 1","damage_taken":0,"max_hp_gain":0,"max_hp_loss":0,"event_name":"SensoryStone","floor":38,"gold_loss":0}],"is_beta":false,"boss_relics":[{"not_picked":["Mark of Pain","Snecko Eye"],"picked":"Black Blood"},{"not_picked":["SlaversCollar","Runic Cube"],"picked":"Busted Crown"}],"items_purged_floors":[0,10],"is_endless":false,"potions_floor_spawned":[1,6,7,11,16,25,31,35,37],"ascension_level":0}