{"gold_per_floor":[116,133,133,146,4,4,24,50,123,123,136,136,17,35,35,113,113,132,145,164,164,75,75,75],"floor_reached":24,"playtime":884,"items_purged":["Parasite"],"score":396,"play_id":"f4422644-f392-4f3e-b76a-00c2d4b6d98d","local_time":"20230107150450","is_ascension_mode":true,"campfire_choices":[{"data":"Feel No Pain","floor":6,"key":"SMITH"},{"floor":10,"key":"REST"},{"data":"Inflame","floor":15,"key":"SMITH"},{"data":"Corruption","floor":23,"key":"SMITH"}],"neow_cost":"NONE","seed_source_timestamp":516279804383500,"circlet_count":0,"master_deck":["AscendersBane","Strike_R+1","Strike_R+1","Strike_R+1","Strike_R+1","Strike_R+1","Defend_R+1","Defend_R+1","Defend_R+1","Defend_R+1","Bash","Pummel","Feel No Pain+1","Disarm","Uppercut","Warcry","Anger","Juggernaut","Inflame+1","Shockwave","Corruption+1","Evolve","Dropkick","Combust","Impervious"],"relics":["Burning Blood","NeowsBlessing","Unceasing Top","Paper Frog","Cursed Key"],"potions_floor_usage":[7,14,19,20,24],"damage_taken":[{"damage":0,"enemies":"2 Louse","floor":1,"turns":1},{"damage":0,"enemies":"Small Slimes","floor":2,"turns":1},{"damage":0,"enemies":"Jaw Worm","floor":4,"turns":1},{"damage":12,"enemies":"Blue Slaver","floor":7,"turns":3},{"damage":31,"enemies":"3 Sentries","floor":8,"turns":13},{"damage":17,"enemies":"Red Slaver","floor":11,"turns":4},{"damage":3,"enemies":"2 Fungi Beasts","floor":14,"turns":4},{"damage":32,"enemies":"Hexaghost","floor":16,"turns":9},{"damage":10,"enemies":"Chosen","floor":18,"turns":6},{"damage":19,"enemies":"2 Thieves","floor":19,"turns":3},{"damage":40,"enemies":"Centurion and Healer","floor":20,"turns":5},{"damage":25,"enemies":"Gremlin Leader","floor":24,"turns":4}],"seed_played":"-1851947166771384343","potions_obtained":[{"floor":2,"key":"Weak Potion"},{"floor":11,"key":"EssenceOfSteel"},{"floor":16,"key":"Fire Potion"},{"floor":19,"key":"BloodPotion"},{"floor":20,"key":"Swift Potion"}],"is_trial":false,"path_per_floor":["M","M","?","M","$","R","M","E","T","R","M","?","$","M","R","B",null,"M","M","M","?","$","R","E"],"character_chosen":"IRONCLAD","items_purchased":["Uppercut","Warcry","Inflame","Impervious"],"campfire_rested":1,"item_purchase_floors":[5,5,13,22],"current_hp_per_floor":[74,75,52,58,58,58,52,27,27,49,38,56,56,59,59,33,62,58,45,25,25,25,25,0],"gold":75,"neow_bonus":"THREE_ENEMY_KILL","is_prod":false,"is_daily":false,"chose_seed":false,"campfire_upgraded":3,"win_rate":0,"timestamp":1673121890,"path_taken":["M","M","?","M","$","R","M","E","T","R","M","?","$","M","R","BOSS","M","M","M","?","$","R","E"],"build_version":"2022-12-18","purchased_purges":1,"victory":false,"max_hp_per_floor":[75,75,75,75,75,75,75,75,75,75,75,75,72,72,72,72,72,72,72,72,72,72,72,72],"card_choices":[{"not_picked":["True Grit","Twin Strike"],"picked":"Pummel","floor":1},{"not_picked":["Bloodletting","Armaments"],"picked":"Feel No Pain","floor":2},{"not_picked":["Perfected Strike","Thunderclap"],"picked":"Disarm","floor":4},{"not_picked":["Iron Wave","Cleave"],"picked":"Anger","floor":7},{"not_picked":["Shrug It Off","Clothesline"],"picked":"Juggernaut","floor":8},{"not_picked":["Perfected Strike","Sword Boomerang","Entrench"],"picked":"SKIP","floor":11},{"not_picked":["Flex","Havoc"],"picked":"Shockwave","floor":14},{"not_picked":["Double Tap","Limit Break"],"picked":"Corruption","floor":16},{"not_picked":["Body Slam","Warcry"],"picked":"Evolve","floor":18},{"not_picked":["Warcry","Wild Strike"],"picked":"Dropkick","floor":19},{"not_picked":["Inflame","Pommel Strike"],"picked":"Combust","floor":20}],"player_experience":969504,"relics_obtained":[{"floor":8,"key":"Unceasing Top"},{"floor":9,"key":"Paper Frog"}],"event_choices":[{"damage_healed":0,"gold_gain":0,"player_choice":"Entered Light","damage_taken":23,"max_hp_gain":0,"max_hp_loss":0,"event_name":"Shining Light","floor":3,"gold_loss":0,"cards_upgraded":["Strike_R","Defend_R"]},{"damage_healed":18,"gold_gain":0,"player_choice":"Healed and dodged fight","damage_taken":0,"max_hp_gain":0,"max_hp_loss":0,"event_name":"Mushrooms","floor":12,"gold_loss":0,"cards_obtained":["Parasite"]},{"damage_healed":0,"gold_gain":0,"player_choice":"Simplicity","damage_taken":0,"max_hp_gain":0,"max_hp_loss":0,"event_name":"Back to Basics","floor":21,"gold_loss":0,"cards_upgraded":["Strike_R","Strike_R","Strike_R","Strike_R","Defend_R","Defend_R","Defend_R"]}],"is_beta":false,"boss_relics":[{"not_picked":["Runic Dome","SlaversCollar"],"picked":"Cursed Key"}],"items_purged_floors":[13],"is_endless":false,"potions_floor_spawned":[2,11,16,19,20],"killed_by":"Gremlin Leader","ascension_level":20}