{"gold_per_floor":[109,128,128,148,148,180,180,214,214,214,51,51,61,61,61,164,164,182,51,51,71,90,117,117,127,152,152,252,252,252,268,268,268],"floor_reached":33,"playtime":1185,"items_purged":["Strike_R"],"score":323,"play_id":"2de0f358-efcb-450c-8d92-b68abc49fc3d","local_time":"20230125224305","is_ascension_mode":false,"campfire_choices":[{"data":"Flex","floor":10,"key":"SMITH"},{"data":"Defend_R","floor":12,"key":"SMITH"},{"floor":15,"key":"REST"},{"data":"Fire Breathing","floor":24,"key":"SMITH"},{"floor":32,"key":"REST"}],"neow_cost":"NONE","seed_source_timestamp":73630186057700,"circlet_count":0,"master_deck":["Strike_R","Defend_R","Defend_R+1","Defend_R","Defend_R+1","Bash","Inflame","Flex+1","Shrug It Off","Reckless Charge","Cleave","Spot Weakness","Wild Strike","Evolve","Cleave","Trip","Shrug It Off","Fire Breathing+1","Shrug It Off","Armaments+1","Shrug It Off","Iron Wave"],"relics":["Burning Blood","Turnip","Pear","WingedGreaves","Bronze Scales","Runic Cube","Juzu Bracelet","Centennial Puzzle","Nloth\u0027s Gift"],"potions_floor_usage":[6,13,16,16,31,33],"damage_taken":[{"damage":0,"enemies":"Small Slimes","floor":1,"turns":1},{"damage":0,"enemies":"Cultist","floor":2,"turns":1},{"damage":0,"enemies":"Jaw Worm","floor":4,"turns":1},{"damage":19,"enemies":"Lagavulin","floor":6,"turns":7},{"damage":18,"enemies":"3 Sentries","floor":8,"turns":7},{"damage":0,"enemies":"Large Slime","floor":13,"turns":4},{"damage":15,"enemies":"The Guardian","floor":16,"turns":11},{"damage":17,"enemies":"2 Thieves","floor":18,"turns":4},{"damage":10,"enemies":"Chosen","floor":21,"turns":5},{"damage":34,"enemies":"Snake Plant","floor":22,"turns":3},{"damage":26,"enemies":"Slavers","floor":23,"turns":6},{"damage":13,"enemies":"Cultist and Chosen","floor":25,"turns":4},{"damage":21,"enemies":"Centurion and Healer","floor":31,"turns":6},{"damage":48,"enemies":"Automaton","floor":33,"turns":10}],"seed_played":"4209634826204193563","potions_obtained":[{"floor":1,"key":"Ancient Potion"},{"floor":6,"key":"Weak Potion"},{"floor":8,"key":"LiquidMemories"},{"floor":13,"key":"BlessingOfTheForge"},{"floor":25,"key":"Swift Potion"},{"floor":31,"key":"Explosive Potion"}],"is_trial":false,"path_per_floor":["M","M","?","M","?","E","?","E","T","R","$","R","M","?","R","B",null,"M","$","?","M","M","E","R","M","T","?","?","?","?","M","R","B"],"character_chosen":"IRONCLAD","items_purchased":["Wild Strike","Evolve","Trip","Shrug It Off"],"campfire_rested":2,"item_purchase_floors":[11,11,19,19],"current_hp_per_floor":[80,80,80,80,85,72,72,70,70,70,70,70,76,69,95,86,95,84,84,84,80,52,32,32,25,25,25,25,25,25,10,38,0],"gold":268,"neow_bonus":"THREE_ENEMY_KILL","is_prod":false,"is_daily":false,"chose_seed":false,"campfire_upgraded":3,"win_rate":0,"timestamp":1674704585,"path_taken":["M","M","?","M","?","E","?","E","T","R","$","R","?","?","R","BOSS","M","$","?","M","M","E","R","M","T","?","?","?","?","M","R","BOSS"],"build_version":"2022-12-18","purchased_purges":1,"victory":false,"max_hp_per_floor":[80,80,80,80,85,85,85,95,95,95,95,95,95,95,95,95,95,95,95,95,95,95,95,95,95,95,95,95,95,95,95,95,95],"card_choices":[{"not_picked":["Rage","Blood for Blood"],"picked":"Inflame","floor":1},{"not_picked":["Perfected Strike","Whirlwind"],"picked":"Flex","floor":2},{"not_picked":["Havoc","Pommel Strike"],"picked":"Shrug It Off","floor":4},{"not_picked":["Shrug It Off","Body Slam"],"picked":"Reckless Charge","floor":6},{"not_picked":["Flex","Berserk"],"picked":"Spot Weakness","floor":8},{"not_picked":["Searing Blow","Heavy Blade","Pommel Strike"],"picked":"SKIP","floor":13},{"not_picked":["Clothesline+1","Perfected Strike"],"picked":"Cleave","floor":18},{"not_picked":["Anger+1","Sword Boomerang"],"picked":"Shrug It Off","floor":21},{"not_picked":["Rupture","Body Slam"],"picked":"Armaments+1","floor":22},{"not_picked":["True Grit","Sentinel"],"picked":"Shrug It Off","floor":23},{"not_picked":["Armaments+1","Infernal Blade","Sword Boomerang"],"picked":"SKIP","floor":25},{"not_picked":["Sentinel","Clash"],"picked":"Iron Wave","floor":31}],"player_experience":1164182,"relics_obtained":[{"floor":6,"key":"Turnip"},{"floor":8,"key":"Pear"},{"floor":9,"key":"WingedGreaves"},{"floor":23,"key":"Juzu Bracelet"},{"floor":26,"key":"Centennial Puzzle"}],"event_choices":[{"damage_healed":0,"gold_gain":0,"player_choice":"Ignored","damage_taken":0,"max_hp_gain":0,"max_hp_loss":0,"event_name":"Liars Game","floor":3,"gold_loss":0},{"damage_healed":0,"gold_gain":0,"player_choice":"Donut","damage_taken":0,"max_hp_gain":5,"max_hp_loss":0,"event_name":"Big Fish","floor":5,"gold_loss":0},{"damage_healed":0,"gold_gain":0,"cards_transformed":["Strike_R"],"player_choice":"Transformed","damage_taken":0,"max_hp_gain":0,"max_hp_loss":0,"event_name":"Transmorgrifier","floor":7,"gold_loss":0,"cards_obtained":["Cleave"]},{"damage_healed":0,"gold_gain":0,"player_choice":"Success","damage_taken":7,"relics_obtained":["Bronze Scales"],"max_hp_gain":0,"max_hp_loss":0,"event_name":"Scrap Ooze","floor":14,"gold_loss":0},{"damage_healed":0,"gold_gain":0,"cards_transformed":["Strike_R"],"player_choice":"Transformed","damage_taken":0,"max_hp_gain":0,"max_hp_loss":0,"event_name":"Transmorgrifier","floor":20,"gold_loss":0,"cards_obtained":["Fire Breathing"]},{"damage_healed":0,"gold_gain":0,"player_choice":"Forge","damage_taken":0,"max_hp_gain":0,"max_hp_loss":0,"event_name":"Accursed Blacksmith","floor":27,"gold_loss":0,"cards_upgraded":["Defend_R"]},{"damage_healed":0,"gold_gain":100,"player_choice":"Pray","damage_taken":0,"max_hp_gain":0,"max_hp_loss":0,"event_name":"Golden Shrine","floor":28,"gold_loss":0},{"cards_removed":["Strike_R"],"damage_healed":0,"gold_gain":0,"player_choice":"Purged","damage_taken":0,"max_hp_gain":0,"max_hp_loss":0,"event_name":"Purifier","floor":29,"gold_loss":0},{"damage_healed":0,"gold_gain":0,"player_choice":"Traded Relic","damage_taken":0,"relics_obtained":["Nloth\u0027s Gift"],"max_hp_gain":0,"max_hp_loss":0,"event_name":"N\u0027loth","floor":30,"relics_lost":["NeowsBlessing"],"gold_loss":0}],"is_beta":false,"boss_relics":[{"not_picked":["Runic Dome","Black Blood"],"picked":"Runic Cube"}],"items_purged_floors":[11],"is_endless":false,"potions_floor_spawned":[1,6,8,13,25,31],"killed_by":"Automaton","ascension_level":0}