{"gold_per_floor":[116,30,105,124,136,136,165,165,238,264,283,297,268,300,300,300],"floor_reached":16,"playtime":689,"items_purged":[],"score":224,"play_id":"8eb0f866-3d80-45ab-9ab7-b254168d1b64","local_time":"20230124180610","is_ascension_mode":true,"campfire_choices":[{"floor":6,"key":"REST"},{"floor":15,"key":"REST"}],"neow_cost":"NONE","seed_source_timestamp":80372566908900,"circlet_count":0,"master_deck":["AscendersBane","Strike_R","Strike_R","Strike_R","Strike_R","Strike_R","Defend_R","Defend_R","Defend_R","Defend_R","Bash+1","Evolve","Carnage","Disarm","Second Wind","Feed","Shrug It Off","Pommel Strike","Clash"],"relics":["Burning Blood","Blood Vial","InkBottle","Toy Ornithopter","Potion Belt"],"potions_floor_usage":[5,7,13,14,16],"damage_taken":[{"damage":19,"enemies":"Jaw Worm","floor":1,"turns":4},{"damage":7,"enemies":"2 Louse","floor":4,"turns":3},{"damage":14,"enemies":"Small Slimes","floor":5,"turns":4},{"damage":26,"enemies":"Lagavulin","floor":7,"turns":7},{"damage":7,"enemies":"Looter","floor":11,"turns":3},{"damage":8,"enemies":"Blue Slaver","floor":12,"turns":4},{"damage":10,"enemies":"Exordium Thugs","floor":13,"turns":4},{"damage":20,"enemies":"3 Sentries","floor":14,"turns":8},{"damage":68,"enemies":"Hexaghost","floor":16,"turns":9}],"seed_played":"5242615305193712826","potions_obtained":[{"floor":4,"key":"Block Potion"},{"floor":5,"key":"PowerPotion"},{"floor":7,"key":"HeartOfIron"},{"floor":12,"key":"LiquidMemories"},{"floor":14,"key":"BlessingOfTheForge"}],"is_trial":false,"path_per_floor":["M","$","?","M","M","R","E","?","T","T","M","M","M","E","R","B"],"character_chosen":"IRONCLAD","items_purchased":["Carnage"],"campfire_rested":2,"item_purchase_floors":[2],"current_hp_per_floor":[55,55,44,43,35,57,37,37,37,37,41,41,44,37,60,0],"gold":300,"neow_bonus":"UPGRADE_CARD","is_prod":false,"is_daily":false,"chose_seed":false,"campfire_upgraded":0,"win_rate":0,"timestamp":1674601570,"path_taken":["M","$","?","M","M","R","E","?","T","?","M","M","M","E","R","BOSS"],"build_version":"2022-12-18","purchased_purges":0,"victory":false,"max_hp_per_floor":[75,75,75,75,75,75,75,75,75,75,78,78,78,78,78,78],"card_choices":[{"not_picked":["Headbutt","True Grit"],"picked":"Evolve","floor":1},{"not_picked":["Rampage","Cleave"],"picked":"Disarm","floor":4},{"not_picked":["Uppercut","Rampage"],"picked":"Second Wind","floor":5},{"not_picked":["Carnage","Sword Boomerang"],"picked":"Feed","floor":7},{"not_picked":["Anger","Reckless Charge","Havoc"],"picked":"SKIP","floor":11},{"not_picked":["Anger","Clothesline"],"picked":"Shrug It Off","floor":12},{"not_picked":["Second Wind","Anger"],"picked":"Pommel Strike","floor":13},{"not_picked":["Bloodletting","Rampage"],"picked":"Clash","floor":14}],"player_experience":1152791,"relics_obtained":[{"floor":7,"key":"Blood Vial"},{"floor":9,"key":"InkBottle"},{"floor":10,"key":"Toy Ornithopter"},{"floor":14,"key":"Potion Belt"}],"event_choices":[{"damage_healed":0,"gold_gain":75,"player_choice":"Gather Gold","damage_taken":11,"max_hp_gain":0,"max_hp_loss":0,"event_name":"World of Goop","floor":3,"gold_loss":0},{"damage_healed":0,"gold_gain":0,"player_choice":"Ignored","damage_taken":0,"max_hp_gain":0,"max_hp_loss":0,"event_name":"Liars Game","floor":8,"gold_loss":0}],"is_beta":false,"boss_relics":[],"items_purged_floors":[],"is_endless":false,"potions_floor_spawned":[4,5,7,12,14],"killed_by":"Hexaghost","ascension_level":20}