{"gold_per_floor":[118,118,118,98,115,115,144,144,212,212],"floor_reached":10,"playtime":260,"items_purged":[],"score":128,"play_id":"e76d1c4e-b2e5-4527-b60f-8bc3cdbbbed3","local_time":"20230129164950","is_ascension_mode":true,"campfire_choices":[{"data":"Body Slam","floor":6,"key":"SMITH"},{"data":"Shrug It Off","floor":8,"key":"SMITH"}],"neow_cost":"NONE","seed_source_timestamp":398967409885200,"circlet_count":0,"master_deck":["AscendersBane","Strike_R","Strike_R","Strike_R","Strike_R","Strike_R","Defend_R","Defend_R","Defend_R","Defend_R","Bash","Panacea","Shrug It Off+1","Body Slam+1","Headbutt"],"relics":["Burning Blood","Kunai","Self Forming Clay"],"potions_floor_usage":[7,10],"damage_taken":[{"damage":12,"enemies":"Cultist","floor":1,"turns":5},{"damage":7,"enemies":"Jaw Worm","floor":5,"turns":5},{"damage":37,"enemies":"Lagavulin","floor":7,"turns":10},{"damage":55,"enemies":"Gremlin Nob","floor":10,"turns":5}],"seed_played":"2116884870195191947","potions_obtained":[{"floor":1,"key":"Fruit Juice"},{"floor":4,"key":"FearPotion"}],"is_trial":false,"path_per_floor":["M","?","?","?","M","R","E","R","T","E"],"character_chosen":"IRONCLAD","items_purchased":[],"campfire_rested":0,"item_purchase_floors":[],"current_hp_per_floor":[62,67,67,67,66,66,35,35,35,0],"gold":212,"neow_bonus":"RANDOM_COLORLESS","is_prod":false,"is_daily":false,"chose_seed":false,"campfire_upgraded":2,"win_rate":0,"timestamp":1675028990,"path_taken":["M","?","?","?","M","R","E","R","T","E"],"build_version":"2022-12-18","purchased_purges":0,"victory":false,"max_hp_per_floor":[75,80,80,80,80,80,80,80,80,85],"card_choices":[{"not_picked":["Forethought","Enlightenment"],"picked":"Panacea","floor":0},{"not_picked":["Sword Boomerang","Inflame"],"picked":"Shrug It Off","floor":1},{"not_picked":["Dark Embrace","Clash"],"picked":"Body Slam","floor":5},{"not_picked":["Cleave","Perfected Strike"],"picked":"Headbutt","floor":7}],"player_experience":1192600,"relics_obtained":[{"floor":7,"key":"Kunai"},{"floor":9,"key":"Self Forming Clay"}],"event_choices":[{"damage_healed":0,"gold_gain":0,"player_choice":"Donut","damage_taken":0,"max_hp_gain":5,"max_hp_loss":0,"event_name":"Big Fish","floor":2,"gold_loss":0},{"damage_healed":0,"gold_gain":0,"player_choice":"Ignored","damage_taken":0,"max_hp_gain":0,"max_hp_loss":0,"event_name":"Liars Game","floor":3,"gold_loss":0},{"damage_healed":0,"gold_gain":0,"player_choice":"Bought 1 Potion","damage_taken":0,"max_hp_gain":0,"max_hp_loss":0,"event_name":"The Woman in Blue","floor":4,"gold_loss":0}],"is_beta":false,"boss_relics":[],"items_purged_floors":[],"is_endless":false,"potions_floor_spawned":[1],"killed_by":"Gremlin Nob","ascension_level":20}