{"gold_per_floor":[112,129,54,68,68,68,96,18,18,38,38,1,1,18,18,18],"floor_reached":16,"playtime":1428,"items_purged":[],"score":200,"play_id":"f88fe8de-0ef9-4521-9cc0-97186573147d","local_time":"20230201235214","is_ascension_mode":true,"campfire_choices":[{"data":"Shrug It Off","floor":6,"key":"SMITH"},{"floor":11,"key":"REST"},{"data":"Feel No Pain","floor":13,"key":"SMITH"},{"data":"Feel No Pain","floor":15,"key":"SMITH"}],"neow_cost":"NONE","seed_source_timestamp":682319120621500,"circlet_count":0,"master_deck":["AscendersBane","Strike_R","Strike_R","Strike_R","Strike_R","Strike_R","Defend_R","Defend_R","Defend_R","Bash+1","Discovery","Feel No Pain+1","Shrug It Off+1","Sword Boomerang","Combust","Impervious","Burning Pact","Feel No Pain+1"],"relics":["Burning Blood","Ginger","Calipers"],"potions_floor_usage":[7,7,16],"damage_taken":[{"damage":16,"enemies":"Small Slimes","floor":1,"turns":4},{"damage":2,"enemies":"Cultist","floor":2,"turns":4},{"damage":17,"enemies":"Jaw Worm","floor":4,"turns":5},{"damage":10,"enemies":"3 Sentries","floor":7,"turns":13},{"damage":17,"enemies":"Exordium Wildlife","floor":10,"turns":5},{"damage":2,"enemies":"Lots of Slimes","floor":14,"turns":5},{"damage":63,"enemies":"Hexaghost","floor":16,"turns":11}],"seed_played":"3847344142959598411","potions_obtained":[{"floor":2,"key":"Weak Potion"},{"floor":4,"key":"EssenceOfSteel"},{"floor":14,"key":"Swift Potion"}],"is_trial":false,"path_per_floor":["M","M","?","M","?","R","E","$","T","M","R","$","R","M","R","B"],"character_chosen":"IRONCLAD","items_purchased":["Impervious","Feel No Pain"],"campfire_rested":1,"item_purchase_floors":[8,12],"current_hp_per_floor":[58,62,62,51,51,51,47,47,47,36,58,58,58,62,62,0],"gold":18,"neow_bonus":"RANDOM_COLORLESS","is_prod":false,"is_daily":false,"chose_seed":false,"campfire_upgraded":3,"win_rate":0,"timestamp":1675313534,"path_taken":["M","M","?","M","?","R","E","$","T","?","R","$","R","?","R","BOSS"],"build_version":"2022-12-18","purchased_purges":0,"victory":false,"max_hp_per_floor":[75,75,75,75,75,75,75,75,75,75,75,75,75,75,75,75],"card_choices":[{"not_picked":["Forethought","Enlightenment"],"picked":"Discovery","floor":0},{"not_picked":["Heavy Blade","Clash"],"picked":"Feel No Pain","floor":1},{"not_picked":["Anger","Hemokinesis"],"picked":"Shrug It Off","floor":2},{"not_picked":["Body Slam","Clash"],"picked":"Sword Boomerang","floor":4},{"not_picked":["Twin Strike","Thunderclap"],"picked":"Combust","floor":7},{"not_picked":["Pummel","Cleave"],"picked":"Burning Pact","floor":10},{"not_picked":["Dropkick","Heavy Blade","Pommel Strike"],"picked":"SKIP","floor":14}],"player_experience":1216516,"relics_obtained":[{"floor":7,"key":"Ginger"},{"floor":9,"key":"Calipers"}],"event_choices":[{"cards_removed":["Defend_R"],"damage_healed":0,"gold_gain":0,"player_choice":"Card Removal","damage_taken":0,"max_hp_gain":0,"max_hp_loss":0,"event_name":"The Cleric","floor":3,"gold_loss":75},{"damage_healed":0,"gold_gain":0,"player_choice":"Upgraded","damage_taken":0,"max_hp_gain":0,"max_hp_loss":0,"event_name":"Upgrade Shrine","floor":5,"gold_loss":0,"cards_upgraded":["Bash"]}],"is_beta":false,"boss_relics":[],"items_purged_floors":[],"is_endless":false,"potions_floor_spawned":[2,4,14],"killed_by":"Hexaghost","ascension_level":20}