{"gold_per_floor":[114,114,127,138,16,16,43,43,43,43,56,90,107,107,107,209,209,220,239,239,14,14,14,39,64,125,168,194,206,232,244,256,365,377,401,429,495,467,491,534,560,582,618,657,688,700,8,22,22,22],"floor_reached":51,"playtime":2222,"items_purged":["Defend_R","Strike_R+1"],"score":834,"play_id":"a15c0a41-990f-4c8b-9749-32c6ce6db46b","local_time":"20230214000702","is_ascension_mode":false,"campfire_choices":[{"data":"Armaments","floor":6.0,"key":"SMITH"},{"data":"Bludgeon","floor":10.0,"key":"SMITH"},{"data":"Combust","floor":15.0,"key":"SMITH"},{"data":"Combust","floor":23,"key":"SMITH"},{"floor":32,"key":"REST"},{"floor":46,"key":"REST"},{"floor":49,"key":"DIG"}],"neow_cost":"NONE","seed_source_timestamp":214674275061100,"circlet_count":0,"master_deck":["Strike_R+1","Strike_R+1","Strike_R+1","Strike_R+1","Defend_R+1","Defend_R+1","Defend_R+1","Bash","Thunderclap","Disarm","Sword Boomerang","Bludgeon+1","Armaments+1","Feed","Combust+1","Combust+1","Offering","Immolate","Impervious","Shrug It Off","Second Wind","Rupture+1","Shrug It Off","Disarm","Reaper","Combust","Disarm+1","Ghostly Armor","Power Through+1","Rupture","Master of Strategy"],"special_seed":0,"relics":["Burning Blood","NeowsBlessing","Magic Flower","Pear","Bag of Marbles","Black Star","MawBank","Paper Frog","Bronze Scales","PreservedInsect","Smiling Mask","Fusion Hammer","Shovel","Oddly Smooth Stone","Orichalcum","Vajra","StrikeDummy","Art of War","Lee\u0027s Waffle","Gremlin Horn","Champion Belt"],"potions_floor_usage":[16,18,24,27,30,36,37,39,40,41,41,44,50],"damage_taken":[{"damage":0.0,"enemies":"Jaw Worm","floor":1.0,"turns":1.0},{"damage":0.0,"enemies":"Small Slimes","floor":3.0,"turns":1.0},{"damage":0.0,"enemies":"2 Louse","floor":4.0,"turns":1.0},{"damage":28.0,"enemies":"Gremlin Nob","floor":7.0,"turns":4.0},{"damage":0.0,"enemies":"Large Slime","floor":11.0,"turns":5.0},{"damage":15.0,"enemies":"3 Sentries","floor":12.0,"turns":5.0},{"damage":0.0,"enemies":"Lots of Slimes","floor":13.0,"turns":2.0},{"damage":20,"enemies":"The Guardian","floor":16,"turns":9},{"damage":37,"enemies":"Shell Parasite","floor":18,"turns":4},{"damage":11,"enemies":"Chosen","floor":19,"turns":3},{"damage":36,"enemies":"Slavers","floor":24,"turns":3},{"damage":31,"enemies":"Sentry and Sphere","floor":25,"turns":5},{"damage":19,"enemies":"Gremlin Leader","floor":27,"turns":6},{"damage":18,"enemies":"Cultist and Chosen","floor":28,"turns":4},{"damage":20,"enemies":"Chosen and Byrds","floor":30,"turns":4},{"damage":74,"enemies":"Collector","floor":33,"turns":9},{"damage":16,"enemies":"Orb Walker","floor":35,"turns":3},{"damage":2,"enemies":"3 Shapes","floor":36,"turns":3},{"damage":40,"enemies":"2 Orb Walkers","floor":37,"turns":5},{"damage":36,"enemies":"3 Darklings","floor":39,"turns":4},{"damage":52,"enemies":"Reptomancer","floor":40,"turns":4},{"damage":46,"enemies":"Spire Growth","floor":41,"turns":5},{"damage":5,"enemies":"Jaw Worm Horde","floor":42,"turns":2},{"damage":32,"enemies":"Giant Head","floor":44,"turns":8},{"damage":10,"enemies":"Maw","floor":45,"turns":7},{"damage":31,"enemies":"Writhing Mass","floor":48,"turns":7},{"damage":69,"enemies":"Awakened One","floor":50,"turns":10}],"seed_played":"-6055160380843487158","potions_obtained":[{"floor":11.0,"key":"LiquidMemories"},{"floor":12.0,"key":"Explosive Potion"},{"floor":13.0,"key":"Block Potion"},{"floor":16,"key":"BloodPotion"},{"floor":19,"key":"BloodPotion"},{"floor":24,"key":"Energy Potion"},{"floor":25,"key":"ElixirPotion"},{"floor":28,"key":"AttackPotion"},{"floor":35,"key":"Explosive Potion"},{"floor":38,"key":"ColorlessPotion"},{"floor":38,"key":"Fruit Juice"},{"floor":38,"key":"BloodPotion"},{"floor":39,"key":"Dexterity Potion"},{"floor":41,"key":"LiquidMemories"},{"floor":48,"key":"Fire Potion"}],"is_trial":false,"path_per_floor":["M","?","M","M","$","R","E","?","T","R","M","E","M","?","R","B",null,"M","M","?","$","?","R","E","M","T","E","M","?","M","?","R","B",null,"M","M","?","?","M","E","M","M","T","E","M","R","$","M","R","B",null],"character_chosen":"IRONCLAD","basemod:card_modifiers":[null,null,null,null,null,null,null,null,null,null,null,null,null,null,null,null,null,null,null,null,null,null,null,null,null,null,null,null,null,null,null],"items_purchased":["Bludgeon","Armaments","Impervious","Rupture","Lee\u0027s Waffle","Gremlin Horn","Master of Strategy"],"campfire_rested":2,"item_purchase_floors":[5,5,21,47,47,47,47],"current_hp_per_floor":[80,85,85,85,85,85,63,63,73,73,87,81,95,95,95,90,105,103,101,101,101,101,101,108,86,86,76,67,67,61,61,94,29,111,104,111,85,85,114,71,42,46,46,23,39,74,126,125,125,89],"gold":22,"neow_bonus":"THREE_ENEMY_KILL","is_prod":false,"is_daily":false,"chose_seed":false,"campfire_upgraded":4,"win_rate":0,"timestamp":1676351222,"path_taken":["M","?","M","M","$","R","E","?","T","R","M","E","M","?","R","BOSS","M","M","?","$","?","R","E","M","T","E","M","?","M","?","R","BOSS","M","M","?","?","M","E","M","M","T","E","M","R","$","?","R","BOSS"],"build_version":"2022-12-18","purchased_purges":2,"victory":true,"max_hp_per_floor":[80,85,85,85,85,85,85,85,95,95,98,98,101,101,101,105,105,105,105,105,105,105,105,108,108,108,108,108,108,111,111,111,111,111,111,111,114,114,114,114,119,119,119,119,119,119,126,126,126,126],"card_choices":[{"not_picked":["Havoc","Intimidate"],"picked":"Thunderclap","floor":1.0},{"not_picked":["Ghostly Armor","Anger"],"picked":"Disarm","floor":3.0},{"not_picked":["Havoc","Wild Strike"],"picked":"Sword Boomerang","floor":4.0},{"not_picked":["Entrench","True Grit"],"picked":"Feed","floor":7.0},{"not_picked":["Anger","Twin Strike"],"picked":"Combust","floor":11.0},{"not_picked":["Clothesline","Perfected Strike","Warcry"],"picked":"SKIP","floor":12.0},{"not_picked":["Thunderclap","Dropkick"],"picked":"Combust","floor":13.0},{"not_picked":["Demon Form","Barricade"],"picked":"Offering","floor":16},{"not_picked":["Entrench+1","Armaments+1","Flex"],"picked":"SKIP","floor":18},{"not_picked":["Dark Embrace+1","Thunderclap","Clothesline"],"picked":"SKIP","floor":19},{"not_picked":["Clash","Sword Boomerang+1","Flex"],"picked":"SKIP","floor":24},{"not_picked":["Twin Strike","Feel No Pain"],"picked":"Shrug It Off","floor":25},{"not_picked":["Fiend Fire","Dual Wield+1"],"picked":"Second Wind","floor":27},{"not_picked":["Pommel Strike+1","Anger"],"picked":"Rupture+1","floor":28},{"not_picked":["Bloodletting","Thunderclap"],"picked":"Disarm","floor":30},{"not_picked":["Offering","Brutality"],"picked":"Reaper","floor":33},{"not_picked":["Rampage+1","Havoc","Flex"],"picked":"SKIP","floor":35},{"not_picked":["Heavy Blade","Sword Boomerang","Dual Wield+1"],"picked":"SKIP","floor":36},{"not_picked":["Dual Wield","Power Through"],"picked":"Combust","floor":39},{"not_picked":["Burning Pact","Battle Trance"],"picked":"Disarm+1","floor":40},{"not_picked":["Flex+1","Wild Strike+1","Blood for Blood+1"],"picked":"SKIP","floor":41},{"not_picked":["Searing Blow","Clash+1"],"picked":"Ghostly Armor","floor":42},{"not_picked":["Pommel Strike+1","Headbutt+1","Body Slam+1"],"picked":"SKIP","floor":44},{"not_picked":["Fire Breathing+1","Fiend Fire"],"picked":"Power Through+1","floor":45},{"not_picked":["Twin Strike","Burning Pact","Armaments+1"],"picked":"SKIP","floor":48}],"player_experience":1285255,"relics_obtained":[{"floor":7.0,"key":"Magic Flower"},{"floor":9.0,"key":"Pear"},{"floor":12.0,"key":"Bag of Marbles"},{"floor":24,"key":"MawBank"},{"floor":24,"key":"Paper Frog"},{"floor":26,"key":"Bronze Scales"},{"floor":27,"key":"PreservedInsect"},{"floor":27,"key":"Smiling Mask"},{"floor":37,"key":"Shovel"},{"floor":40,"key":"Oddly Smooth Stone"},{"floor":40,"key":"Orichalcum"},{"floor":43,"key":"Vajra"},{"floor":44,"key":"StrikeDummy"},{"floor":44,"key":"Art of War"},{"floor":49,"key":"Champion Belt"}],"event_choices":[{"damage_healed":0.0,"max_hp_gain":5.0,"max_hp_loss":0.0,"gold_gain":0.0,"event_name":"Big Fish","player_choice":"Donut","floor":2.0,"gold_loss":0.0,"damage_taken":0.0},{"damage_healed":0.0,"max_hp_gain":0.0,"max_hp_loss":0.0,"gold_gain":0.0,"event_name":"Liars Game","player_choice":"Ignored","floor":8.0,"gold_loss":0.0,"damage_taken":0.0},{"damage_healed":0.0,"max_hp_gain":0.0,"max_hp_loss":0.0,"gold_gain":0.0,"event_name":"Golden Idol","player_choice":"Ignored","floor":14.0,"gold_loss":0.0,"damage_taken":0.0},{"cards_removed":["Offering"],"damage_healed":0,"gold_gain":0,"player_choice":"Take \u0026 Give","damage_taken":0,"max_hp_gain":0,"max_hp_loss":0,"event_name":"betterNote:BetterNote","floor":20,"gold_loss":0,"cards_obtained":["Immolate"]},{"damage_healed":0,"gold_gain":0,"player_choice":"Ignored","damage_taken":0,"max_hp_gain":0,"max_hp_loss":0,"event_name":"The Mausoleum","floor":22,"gold_loss":0},{"damage_healed":0,"gold_gain":0,"player_choice":"Read","damage_taken":0,"max_hp_gain":0,"max_hp_loss":0,"event_name":"The Library","floor":29,"gold_loss":0,"cards_obtained":["Shrug It Off"]},{"damage_healed":0,"gold_gain":0,"player_choice":"Simplicity","damage_taken":0,"max_hp_gain":0,"max_hp_loss":0,"event_name":"Back to Basics","floor":31,"gold_loss":0,"cards_upgraded":["Strike_R","Strike_R","Strike_R","Strike_R","Strike_R","Defend_R","Defend_R","Defend_R"]},{"damage_healed":0,"gold_gain":0,"player_choice":"Fight","damage_taken":0,"max_hp_gain":0,"max_hp_loss":0,"event_name":"Mysterious Sphere","floor":37,"gold_loss":0},{"damage_healed":0,"gold_gain":0,"player_choice":"Bought 3 Potions","damage_taken":0,"max_hp_gain":0,"max_hp_loss":0,"event_name":"The Woman in Blue","floor":38,"gold_loss":0}],"is_beta":false,"boss_relics":[{"not_picked":["Runic Dome","Empty Cage"],"picked":"Black Star"},{"not_picked":["Black Blood","Pandora\u0027s Box"],"picked":"Fusion Hammer"}],"items_purged_floors":[21,47],"is_endless":false,"potions_floor_spawned":[11,12,13,16,19,24,25,28,35,39,41,48],"ascension_level":0}