{"gold_per_floor":[116,39,39,50,64,64,95,114,114,129,142,169,18,38,38,138,138,158,0,18,5,21,21,21,35,35,35,67,67,78,106,106,106],"floor_reached":33,"playtime":1399,"items_purged":["Strike_R"],"score":391,"play_id":"835e6c0c-b167-4b24-8a55-549d00aa2e30","local_time":"20230324132901","is_ascension_mode":true,"campfire_choices":[{"data":"Perfected Strike","floor":6,"key":"SMITH"},{"data":"Inflame","floor":15,"key":"SMITH"},{"data":"Warcry","floor":23,"key":"SMITH"},{"data":"Fiend Fire","floor":29,"key":"SMITH"},{"floor":32,"key":"REST"}],"neow_cost":"NONE","seed_source_timestamp":815643306053400,"circlet_count":0,"master_deck":["Strike_R","Strike_R","Strike_R","Strike_R","Defend_R","Defend_R","Defend_R","Defend_R","Bash","Perfected Strike+1","Inflame+1","Twin Strike","Pommel Strike","Shockwave","Flame Barrier","Battle Trance","Cleave","Iron Wave","Immolate","Second Wind+1","Anger","Shrug It Off","Ghostly Armor","Wild Strike","Warcry+1","Limit Break+1","Heavy Blade+1","Fiend Fire+1","Warcry","Exhume"],"relics":["Burning Blood","NeowsBlessing","Tiny Chest","Kunai","Pear","Membership Card","Philosopher\u0027s Stone","Brimstone","Letter Opener","Turnip","Unceasing Top"],"potions_floor_usage":[10,12,15,16,25,31,31],"damage_taken":[{"damage":0,"enemies":"Cultist","floor":1,"turns":1},{"damage":0,"enemies":"Small Slimes","floor":4,"turns":1},{"damage":0,"enemies":"2 Louse","floor":5,"turns":1},{"damage":22,"enemies":"3 Sentries","floor":7,"turns":6},{"damage":4,"enemies":"Blue Slaver","floor":8,"turns":3},{"damage":9,"enemies":"Red Slaver","floor":10,"turns":4},{"damage":10,"enemies":"Exordium Thugs","floor":11,"turns":4},{"damage":0,"enemies":"Gremlin Nob","floor":12,"turns":2},{"damage":11,"enemies":"Lots of Slimes","floor":14,"turns":4},{"damage":38,"enemies":"The Guardian","floor":16,"turns":8},{"damage":25,"enemies":"Shell Parasite","floor":18,"turns":4},{"damage":1,"enemies":"Chosen","floor":20,"turns":3},{"damage":0,"enemies":"Centurion and Healer","floor":22,"turns":3},{"damage":14,"enemies":"Chosen and Byrds","floor":25,"turns":3},{"damage":33,"enemies":"Slavers","floor":28,"turns":3},{"damage":0,"enemies":"Cultist and Chosen","floor":30,"turns":3},{"damage":25,"enemies":"Book of Stabbing","floor":31,"turns":4},{"damage":80,"enemies":"Automaton","floor":33,"turns":6}],"seed_played":"-7784466949231127317","potions_obtained":[{"floor":1,"key":"ColorlessPotion"},{"floor":3,"key":"Fruit Juice"},{"floor":3,"key":"LiquidMemories"},{"floor":3,"key":"Regen Potion"},{"floor":14,"key":"Fire Potion"},{"floor":18,"key":"Fire Potion"},{"floor":28,"key":"Block Potion"},{"floor":30,"key":"Regen Potion"}],"is_trial":false,"path_per_floor":["M","$","?","M","M","R","E","M","T","M","M","E","$","M","R","B",null,"M","$","M","$","M","R","?","M","T","?","E","R","M","E","R","B"],"character_chosen":"IRONCLAD","basemod:card_modifiers":[null,null,null,null,null,null,null,null,null,null,null,null,null,null,null,null,null,null,null,null,null,null,null,null,null,null,null,null,null,null],"items_purchased":["Inflame","Membership Card","Brimstone","Anger","Shrug It Off","Wild Strike"],"campfire_rested":1,"item_purchase_floors":[2,13,19,19,19,21],"current_hp_per_floor":[80,80,80,80,80,80,64,66,66,75,71,87,87,82,87,55,95,76,76,81,81,87,87,87,79,79,79,52,52,58,51,79,0],"gold":106,"neow_bonus":"THREE_ENEMY_KILL","is_prod":false,"is_daily":false,"chose_seed":false,"campfire_upgraded":4,"win_rate":0,"timestamp":1679678941,"path_taken":["M","$","?","M","M","R","E","M","T","?","M","E","$","M","R","BOSS","M","$","M","$","M","R","?","M","T","?","E","R","M","E","R","BOSS"],"build_version":"2022-12-18","purchased_purges":1,"victory":false,"max_hp_per_floor":[80,80,80,80,80,80,80,80,80,80,80,90,90,90,95,95,95,95,95,95,95,95,95,95,95,95,95,95,95,95,95,95,95],"card_choices":[{"not_picked":["Power Through","Pommel Strike"],"picked":"Perfected Strike","floor":1},{"not_picked":["Wild Strike","Shockwave"],"picked":"Twin Strike","floor":4},{"not_picked":["Clothesline","Sword Boomerang"],"picked":"Pommel Strike","floor":5},{"not_picked":["Heavy Blade","Sever Soul"],"picked":"Shockwave","floor":7},{"not_picked":["Pommel Strike","Body Slam"],"picked":"Flame Barrier","floor":8},{"not_picked":["Flex","Sword Boomerang"],"picked":"Battle Trance","floor":10},{"not_picked":["Havoc","Shrug It Off"],"picked":"Cleave","floor":11},{"not_picked":["Reaper","Body Slam"],"picked":"Iron Wave","floor":12},{"not_picked":["Dark Embrace","Body Slam","Armaments"],"picked":"SKIP","floor":14},{"not_picked":["Exhume","Brutality"],"picked":"Immolate","floor":16},{"not_picked":["Body Slam+1","Twin Strike"],"picked":"Second Wind+1","floor":18},{"not_picked":["Flex+1","Sever Soul"],"picked":"Ghostly Armor","floor":20},{"not_picked":["Clothesline","Headbutt+1"],"picked":"Warcry","floor":22},{"not_picked":["Reaper","Havoc"],"picked":"Heavy Blade+1","floor":25},{"not_picked":["Second Wind","Heavy Blade+1"],"picked":"Fiend Fire","floor":28},{"not_picked":["Wild Strike+1","Clothesline"],"picked":"Warcry","floor":30},{"not_picked":["Blood for Blood","Body Slam+1"],"picked":"Exhume","floor":31}],"player_experience":1324392,"relics_obtained":[{"floor":7,"key":"Tiny Chest"},{"floor":9,"key":"Kunai"},{"floor":12,"key":"Pear"},{"floor":26,"key":"Letter Opener"},{"floor":28,"key":"Turnip"},{"floor":31,"key":"Unceasing Top"}],"event_choices":[{"damage_healed":0,"gold_gain":0,"player_choice":"Got Potions","damage_taken":0,"max_hp_gain":0,"max_hp_loss":0,"event_name":"Lab","floor":3,"gold_loss":0},{"cards_removed":["Immolate"],"damage_healed":0,"gold_gain":0,"player_choice":"Take \u0026 Give","damage_taken":0,"max_hp_gain":0,"max_hp_loss":0,"event_name":"betterNote:BetterNote","floor":24,"gold_loss":0,"cards_obtained":["Limit Break"]},{"damage_healed":0,"gold_gain":0,"player_choice":"Ignored","damage_taken":0,"max_hp_gain":0,"max_hp_loss":0,"event_name":"Vampires","floor":27,"gold_loss":0}],"is_beta":false,"boss_relics":[{"not_picked":["Mark of Pain","Black Blood"],"picked":"Philosopher\u0027s Stone"}],"items_purged_floors":[19],"is_endless":false,"potions_floor_spawned":[1,8,14,18,28,30],"killed_by":"Automaton","ascension_level":1}