{"gold_per_floor":[116,129,52,62,77,104,124,144,144,162,162,162,174,192,192,296,296,313,327,97,97,108,136,136],"floor_reached":24,"playtime":1050,"items_purged":["Strike_R"],"score":224,"play_id":"dff83930-0418-451e-99db-769b578ed42f","local_time":"20230322150530","is_ascension_mode":false,"campfire_choices":[{"data":"Armaments","floor":11,"key":"SMITH"},{"data":"Limit Break","floor":15,"key":"SMITH"}],"neow_cost":"PERCENT_DAMAGE","seed_source_timestamp":648982251642600,"circlet_count":0,"master_deck":["Strike_R","Strike_R","Strike_R","Defend_R","Defend_R","Bash","Cleave","Second Wind","Carnage","Limit Break+1","Shrug It Off","Clash","Metallicize","Armaments+1","Iron Wave","Rupture","Combust+1","Rage","Terror","Entrench"],"relics":["Burning Blood","Meat on the Bone","Black Star","Orrery","Oddly Smooth Stone","Pantograph"],"potions_floor_usage":[6,10,16,19,19,23,23],"damage_taken":[{"damage":3,"enemies":"2 Louse","floor":1,"turns":3},{"damage":1,"enemies":"Cultist","floor":2,"turns":3},{"damage":11,"enemies":"Jaw Worm","floor":4,"turns":2},{"damage":16,"enemies":"Red Slaver","floor":5,"turns":3},{"damage":16,"enemies":"Gremlin Nob","floor":6,"turns":3},{"damage":0,"enemies":"Looter","floor":7,"turns":2},{"damage":6,"enemies":"Exordium Thugs","floor":8,"turns":5},{"damage":0,"enemies":"Gremlin Gang","floor":10,"turns":5},{"damage":7,"enemies":"Looter","floor":13,"turns":3},{"damage":3,"enemies":"Exordium Thugs","floor":14,"turns":6},{"damage":22,"enemies":"Slime Boss","floor":16,"turns":7},{"damage":12,"enemies":"Spheric Guardian","floor":18,"turns":8},{"damage":7,"enemies":"Chosen","floor":19,"turns":4},{"damage":19,"enemies":"Centurion and Healer","floor":22,"turns":6},{"damage":69,"enemies":"Slavers","floor":23,"turns":6},{"damage":29,"enemies":"3 Cultists","floor":24,"turns":3}],"seed_played":"8323854186129646763","potions_obtained":[{"floor":1,"key":"SteroidPotion"},{"floor":4,"key":"SpeedPotion"},{"floor":6,"key":"EssenceOfSteel"},{"floor":7,"key":"CultistPotion"},{"floor":10,"key":"Strength Potion"},{"floor":14,"key":"Energy Potion"},{"floor":16,"key":"Explosive Potion"},{"floor":19,"key":"Regen Potion"}],"is_trial":false,"path_per_floor":["M","M","$","M","M","E","M","M","T","M","R","?","M","M","R","B",null,"M","M","$","?","M","E","M"],"character_chosen":"IRONCLAD","basemod:card_modifiers":[null,null,null,null,null,null,null,null,null,null,null,null,null,null,null,null,null,null,null,null],"items_purchased":["Carnage","Orrery"],"campfire_rested":0,"item_purchase_floors":[3,20],"current_hp_per_floor":[59,64,64,59,49,39,45,45,45,51,51,51,50,53,53,49,80,74,73,73,73,60,24,0],"gold":136,"neow_bonus":"REMOVE_TWO","is_prod":false,"is_daily":false,"chose_seed":false,"campfire_upgraded":2,"win_rate":0,"timestamp":1679511930,"path_taken":["M","M","$","M","M","E","M","M","T","M","R","?","?","M","R","BOSS","M","M","$","?","M","E","M"],"build_version":"2022-12-18","purchased_purges":1,"victory":false,"max_hp_per_floor":[80,80,80,80,80,80,80,80,80,80,80,80,80,80,80,80,80,80,80,80,80,80,80,80],"card_choices":[{"not_picked":["Anger","Body Slam"],"picked":"Cleave","floor":1},{"not_picked":["Flex","Twin Strike"],"picked":"Second Wind","floor":2},{"not_picked":["Infernal Blade","Pummel"],"picked":"Limit Break","floor":4},{"not_picked":["Dropkick","Pommel Strike","Warcry"],"picked":"SKIP","floor":5},{"not_picked":["Bloodletting","Sentinel"],"picked":"Shrug It Off","floor":6},{"not_picked":["Clothesline","Headbutt"],"picked":"Clash","floor":7},{"not_picked":["Havoc","Wild Strike"],"picked":"Metallicize","floor":8},{"not_picked":["Armaments","Iron Wave","Dropkick"],"picked":"SKIP","floor":10},{"not_picked":["Iron Wave","Dropkick"],"picked":"Armaments","floor":10},{"not_picked":["Reckless Charge","Heavy Blade"],"picked":"Iron Wave","floor":13},{"not_picked":["Sword Boomerang","Shrug It Off","Fire Breathing"],"picked":"SKIP","floor":14},{"not_picked":["Sword Boomerang","Shrug It Off","Fire Breathing"],"picked":"SKIP","floor":14},{"not_picked":["Twin Strike","Blood for Blood","Warcry"],"picked":"SKIP","floor":18},{"not_picked":["Heavy Blade","Infernal Blade+1","Body Slam"],"picked":"SKIP","floor":19},{"not_picked":["Entrench","Body Slam"],"picked":"Rupture","floor":20},{"not_picked":["True Grit","Twin Strike"],"picked":"Combust+1","floor":20},{"not_picked":["Flame Barrier","Iron Wave"],"picked":"Rage","floor":20},{"not_picked":["Thunderclap","Carnage+1","Shockwave"],"picked":"SKIP","floor":22},{"not_picked":["Wild Strike","True Grit"],"picked":"Entrench","floor":23}],"player_experience":1304836,"relics_obtained":[{"floor":9,"key":"Meat on the Bone"},{"floor":23,"key":"Oddly Smooth Stone"},{"floor":23,"key":"Pantograph"}],"event_choices":[{"cards_removed":["Strike_R"],"damage_healed":0,"gold_gain":0,"player_choice":"Offered Basic","damage_taken":0,"max_hp_gain":0,"max_hp_loss":0,"event_name":"Bonfire Elementals","floor":12,"gold_loss":0},{"cards_removed":["Limit Break"],"damage_healed":0,"gold_gain":0,"player_choice":"Take \u0026 Give","damage_taken":0,"max_hp_gain":0,"max_hp_loss":0,"event_name":"betterNote:BetterNote","floor":21,"gold_loss":0,"cards_obtained":["Terror"]}],"is_beta":false,"boss_relics":[{"not_picked":["Cursed Key","Black Blood"],"picked":"Black Star"}],"items_purged_floors":[20],"is_endless":false,"potions_floor_spawned":[1,4,6,7,10,14,16,19],"killed_by":"3 Cultists","ascension_level":0}