{"gold_per_floor":[118,130,147,165,165,165,3,35,58,58],"floor_reached":10,"playtime":210,"items_purged":[],"score":136,"play_id":"bbf2b23e-d050-4afd-806b-43ea431b393b","local_time":"20230331192948","is_ascension_mode":true,"campfire_choices":[{"data":"Disarm","floor":6,"key":"SMITH"}],"neow_cost":"NONE","seed_source_timestamp":1443306425545500,"circlet_count":0,"master_deck":["AscendersBane","Strike_R","Strike_R","Strike_R","Strike_R","Strike_R","Defend_R","Defend_R","Defend_R","Defend_R","Bash","Wild Strike","Carnage","Disarm+1","Second Wind"],"relics":["Burning Blood","NeowsBlessing","Frozen Eye","Centennial Puzzle","Pen Nib"],"potions_floor_usage":[10,10],"damage_taken":[{"damage":0,"enemies":"2 Louse","floor":1,"turns":1},{"damage":0,"enemies":"Cultist","floor":2,"turns":1},{"damage":0,"enemies":"Jaw Worm","floor":3,"turns":1},{"damage":14,"enemies":"3 Louse","floor":4,"turns":3},{"damage":65,"enemies":"3 Sentries","floor":8,"turns":11},{"damage":17,"enemies":"Lagavulin","floor":10,"turns":3}],"seed_played":"4669875619953780357","potions_obtained":[{"floor":2,"key":"Ancient Potion"},{"floor":8,"key":"ColorlessPotion"}],"is_trial":false,"path_per_floor":["M","M","M","M","?","R","$","E","T","E"],"character_chosen":"IRONCLAD","basemod:card_modifiers":[null,null,null,null,null,null,null,null,null,null,null,null,null,null,null],"items_purchased":["Frozen Eye"],"campfire_rested":0,"item_purchase_floors":[7],"current_hp_per_floor":[74,75,75,67,75,75,75,16,16,0],"gold":58,"neow_bonus":"THREE_ENEMY_KILL","is_prod":false,"is_daily":false,"chose_seed":false,"campfire_upgraded":1,"win_rate":0,"timestamp":1680305388,"path_taken":["M","M","M","M","?","R","?","E","T","E"],"build_version":"2022-12-18","purchased_purges":0,"victory":false,"max_hp_per_floor":[75,75,75,75,75,75,75,75,75,75],"card_choices":[{"not_picked":["Warcry","Feel No Pain"],"picked":"Wild Strike","floor":1},{"not_picked":["Flex","Clothesline"],"picked":"Carnage","floor":2},{"not_picked":["Battle Trance","Warcry"],"picked":"Disarm","floor":3},{"not_picked":["Wild Strike","Iron Wave","Perfected Strike"],"picked":"SKIP","floor":4},{"not_picked":["Reckless Charge","Reaper"],"picked":"Second Wind","floor":8}],"player_experience":1361432,"relics_obtained":[{"floor":8,"key":"Centennial Puzzle"},{"floor":9,"key":"Pen Nib"}],"event_choices":[{"damage_healed":8,"gold_gain":0,"player_choice":"Full Heal","damage_taken":0,"max_hp_gain":0,"max_hp_loss":0,"event_name":"Wheel of Change","floor":5,"gold_loss":0}],"is_beta":false,"boss_relics":[],"items_purged_floors":[],"is_endless":false,"potions_floor_spawned":[2,8],"killed_by":"Lagavulin","ascension_level":20}