{"gold_per_floor":[110,122,47,66,36,36,46,80,135,145,162,180,180,195,195,299,299,315,315,139,150,161,192,192,219,219,219,232,107,133,148,148,253,253,274,117,133,133,183,211,211,237,315,359,369,393,419,442,442,442],"floor_reached":51,"playtime":3810,"items_purged":["Strike_R","Defend_R","Strike_R"],"score":803,"play_id":"0bed1036-35cb-4887-8951-ef55b4aa35fb","local_time":"20230405205843","is_ascension_mode":false,"campfire_choices":[{"data":"Anger","floor":6.0,"key":"SMITH"},{"data":"Heavy Blade","floor":15.0,"key":"SMITH"},{"floor":32.0,"key":"REST"},{"data":"Spot Weakness","floor":41,"key":"SMITH"},{"data":"Feel No Pain","floor":49,"key":"SMITH"}],"neow_cost":"NONE","seed_source_timestamp":0,"circlet_count":0,"master_deck":["Strike_R","Strike_R","Defend_R","Defend_R","Defend_R","Bash+1","Anger+1","Spot Weakness+1","Rage+1","Heavy Blade+1","Inflame","Second Wind+1","Disarm+1","Ghostly Armor+1","Impervious+1","Feel No Pain+1","Disarm+1","Entrench+1","Disarm+1","RitualDagger","Feed","Metallicize+1","Feed+1","Armaments+1","Body Slam+1","Shockwave+1"],"special_seed":0,"relics":["Burning Blood","Toxic Egg 2","Bag of Preparation","Runic Pyramid","PreservedInsect","Juzu Bracelet","Ancient Tea Set","Nilry\u0027s Codex","CeramicFish","Coffee Dripper","Medical Kit","Incense Burner","Molten Egg 2","Darkstone Periapt","Paper Frog","Calipers"],"potions_floor_usage":[45,45,46,50],"damage_taken":[{"damage":3.0,"enemies":"Jaw Worm","floor":1.0,"turns":4.0},{"damage":6.0,"enemies":"Cultist","floor":2.0,"turns":3.0},{"damage":5.0,"enemies":"Small Slimes","floor":4.0,"turns":4.0},{"damage":13.0,"enemies":"Exordium Thugs","floor":7.0,"turns":5.0},{"damage":38.0,"enemies":"Gremlin Nob","floor":8.0,"turns":6.0},{"damage":0.0,"enemies":"Large Slime","floor":10.0,"turns":4.0},{"damage":5.0,"enemies":"3 Louse","floor":11.0,"turns":3.0},{"damage":3.0,"enemies":"2 Fungi Beasts","floor":12.0,"turns":3.0},{"damage":18.0,"enemies":"Lots of Slimes","floor":14.0,"turns":3.0},{"damage":6.0,"enemies":"Hexaghost","floor":16.0,"turns":7.0},{"damage":4.0,"enemies":"2 Thieves","floor":18.0,"turns":4.0},{"damage":5.0,"enemies":"3 Byrds","floor":21.0,"turns":7.0},{"damage":14.0,"enemies":"Centurion and Healer","floor":22.0,"turns":5.0},{"damage":8.0,"enemies":"Book of Stabbing","floor":23.0,"turns":8.0},{"damage":8.0,"enemies":"Gremlin Leader","floor":25.0,"turns":7.0},{"damage":55.0,"enemies":"3 Cultists","floor":28.0,"turns":7.0},{"damage":9.0,"enemies":"Book of Stabbing","floor":30.0,"turns":5.0},{"damage":6.0,"enemies":"Snecko","floor":31.0,"turns":5.0},{"damage":14.0,"enemies":"Champ","floor":33.0,"turns":12.0},{"damage":7.0,"enemies":"Orb Walker","floor":35.0,"turns":5.0},{"damage":14.0,"enemies":"3 Shapes","floor":37.0,"turns":4.0},{"damage":23.0,"enemies":"Mind Bloom Boss Battle","floor":39.0,"turns":6.0},{"damage":24,"enemies":"Nemesis","floor":40,"turns":7},{"damage":0,"enemies":"Transient","floor":42,"turns":5},{"damage":0,"enemies":"Giant Head","floor":44,"turns":9},{"damage":19,"enemies":"Jaw Worm Horde","floor":45,"turns":4},{"damage":2,"enemies":"3 Darklings","floor":46,"turns":7},{"damage":5,"enemies":"Nemesis","floor":47,"turns":7},{"damage":0,"enemies":"Transient","floor":48,"turns":5},{"damage":13,"enemies":"Donu and Deca","floor":50,"turns":8}],"seed_played":"-4339327393487667359","potions_obtained":[{"floor":2.0,"key":"GamblersBrew"},{"floor":5.0,"key":"SteroidPotion"},{"floor":5.0,"key":"Fruit Juice"},{"floor":10.0,"key":"SpeedPotion"},{"floor":16.0,"key":"EntropicBrew"},{"floor":18.0,"key":"HeartOfIron"},{"floor":21.0,"key":"BloodPotion"},{"floor":28.0,"key":"Fire Potion"},{"floor":31.0,"key":"Swift Potion"},{"floor":40,"key":"Weak Potion"},{"floor":44,"key":"Swift Potion"},{"floor":45,"key":"Regen Potion"},{"floor":48,"key":"ColorlessPotion"}],"is_trial":false,"path_per_floor":["M","M","$","M","?","R","M","E","T","M","M","M","?","M","R","B",null,"M","?","$","M","M","E","?","E","T","?","M","$","E","M","R","B",null,"M","$","M","?","?","E","R","M","T","E","M","M","E","M","R","B",null],"character_chosen":"IRONCLAD","basemod:card_modifiers":[null,null,null,null,null,null,null,null,null,null,null,null,null,null,null,null,null,null,null,null,null,null,null,null,null,null],"items_purchased":["Feel No Pain","Medical Kit"],"campfire_rested":1,"item_purchase_floors":[20,36],"current_hp_per_floor":[80,80,80,80,80,80,73,46,46,52,53,56,56,44,44,44,85,85,85,85,85,77,75,69,67,67,51,22,22,22,22,49,41,91,93,93,88,88,71,53,53,59,59,65,56,75,76,82,82,79],"gold":442,"neow_bonus":"UPGRADE_CARD","is_prod":false,"is_daily":false,"chose_seed":false,"campfire_upgraded":4,"win_rate":0,"timestamp":1680742723,"path_taken":["M","M","$","M","?","R","?","E","T","M","M","M","?","M","R","BOSS","M","?","$","M","M","E","?","E","T","?","M","$","E","M","R","BOSS","M","$","M","?","?","E","R","M","T","E","M","M","E","M","R","BOSS"],"build_version":"2022-12-18","purchased_purges":3,"victory":true,"max_hp_per_floor":[80,80,80,80,80,80,80,85,85,85,85,85,85,85,85,85,85,85,85,85,85,85,85,85,85,85,85,88,88,91,91,91,91,91,94,94,97,97,97,97,97,97,97,97,101,101,101,101,101,105],"card_choices":[{"not_picked":["Iron Wave","Entrench"],"picked":"Anger","floor":1.0},{"not_picked":["Twin Strike","Body Slam","Heavy Blade"],"picked":"SKIP","floor":2.0},{"not_picked":["Wild Strike","Havoc","Rampage"],"picked":"SKIP","floor":4.0},{"not_picked":["Anger","Limit Break"],"picked":"Spot Weakness","floor":7.0},{"not_picked":["Cleave","Uppercut"],"picked":"Rage+1","floor":8.0},{"not_picked":["Pommel Strike","Clash"],"picked":"Heavy Blade","floor":10.0},{"not_picked":["Wild Strike","Havoc+1"],"picked":"Inflame","floor":11.0},{"not_picked":["Feel No Pain","Twin Strike"],"picked":"Second Wind+1","floor":12.0},{"not_picked":["Dual Wield+1","Shrug It Off+1"],"picked":"Disarm+1","floor":14.0},{"not_picked":["Dark Embrace","Heavy Blade"],"picked":"Ghostly Armor+1","floor":18.0},{"not_picked":["Sever Soul+1","Thunderclap"],"picked":"Disarm+1","floor":21.0},{"not_picked":["Wild Strike","Infernal Blade+1"],"picked":"Entrench+1","floor":22.0},{"not_picked":["Thunderclap","Shockwave+1"],"picked":"Disarm+1","floor":23.0},{"not_picked":["Reaper","True Grit+1"],"picked":"Feed","floor":25.0},{"not_picked":["Thunderclap","True Grit+1","Searing Blow"],"picked":"SKIP","floor":28.0},{"not_picked":["Headbutt","Double Tap+1","True Grit+1"],"picked":"SKIP","floor":30.0},{"not_picked":["Wild Strike","Twin Strike+1","Rampage+1"],"picked":"SKIP","floor":31.0},{"not_picked":["Bloodletting+1","Pummel"],"picked":"Metallicize+1","floor":35.0},{"not_picked":["Perfected Strike+1","Shockwave+1","Reckless Charge"],"picked":"SKIP","floor":37.0},{"not_picked":["Perfected Strike+1","Sword Boomerang+1","Clothesline+1"],"picked":"SKIP","floor":40},{"not_picked":["Flex+1","Thunderclap+1"],"picked":"Feed+1","floor":42},{"not_picked":["Havoc+1","Hemokinesis+1"],"picked":"Armaments+1","floor":44},{"not_picked":["Clash+1","Impervious+1","Searing Blow+1"],"picked":"SKIP","floor":45},{"not_picked":["Rampage+1","Warcry+1"],"picked":"Body Slam+1","floor":46},{"not_picked":["Anger+1","Dropkick+1","Bloodletting+1"],"picked":"SKIP","floor":47},{"not_picked":["Heavy Blade+1","Body Slam+1"],"picked":"Shockwave+1","floor":48}],"player_experience":1371024,"relics_obtained":[{"floor":8.0,"key":"Toxic Egg 2"},{"floor":9.0,"key":"Bag of Preparation"},{"floor":23.0,"key":"PreservedInsect"},{"floor":25.0,"key":"Juzu Bracelet"},{"floor":26.0,"key":"Ancient Tea Set"},{"floor":27.0,"key":"Nilry\u0027s Codex"},{"floor":30.0,"key":"CeramicFish"},{"floor":39.0,"key":"Incense Burner"},{"floor":40,"key":"Molten Egg 2"},{"floor":43,"key":"Darkstone Periapt"},{"floor":44,"key":"Paper Frog"},{"floor":47,"key":"Calipers"}],"event_choices":[{"damage_healed":0.0,"max_hp_gain":0.0,"max_hp_loss":0.0,"gold_gain":0.0,"event_name":"The Woman in Blue","player_choice":"Bought 2 Potions","floor":5.0,"gold_loss":0.0,"damage_taken":0.0},{"damage_healed":0.0,"max_hp_gain":0.0,"max_hp_loss":0.0,"gold_gain":0.0,"event_name":"Lab","player_choice":"Got Potions","floor":13.0,"gold_loss":0.0,"damage_taken":0.0},{"cards_removed":["Disarm"],"damage_healed":0.0,"max_hp_gain":0.0,"max_hp_loss":0.0,"gold_gain":0.0,"event_name":"betterNote:BetterNote","player_choice":"Take \u0026 Give","floor":19.0,"gold_loss":0.0,"damage_taken":0.0,"cards_obtained":["Impervious"]},{"damage_healed":0.0,"max_hp_gain":0.0,"max_hp_loss":0.0,"gold_gain":0.0,"event_name":"Nest","player_choice":"Joined the Cult","floor":24.0,"gold_loss":0.0,"damage_taken":6.0,"cards_obtained":["RitualDagger"]},{"damage_healed":0.0,"max_hp_gain":0.0,"max_hp_loss":0.0,"gold_gain":0.0,"event_name":"Cursed Tome","player_choice":"Obtained Book","floor":27.0,"gold_loss":0.0,"damage_taken":16.0},{"cards_removed":["Strike_R"],"damage_healed":0.0,"max_hp_gain":0.0,"max_hp_loss":0.0,"gold_gain":0.0,"event_name":"Bonfire Elementals","player_choice":"Offered Basic","floor":38.0,"gold_loss":0.0,"damage_taken":0.0},{"damage_healed":0.0,"max_hp_gain":0.0,"max_hp_loss":0.0,"gold_gain":0.0,"event_name":"MindBloom","player_choice":"Fight","floor":39.0,"gold_loss":0.0,"damage_taken":0.0}],"is_beta":false,"boss_relics":[{"not_picked":["Pandora\u0027s Box","Sozu"],"picked":"Runic Pyramid"},{"not_picked":["SacredBark","Mark of Pain"],"picked":"Coffee Dripper"}],"items_purged_floors":[3,20,29],"is_endless":false,"potions_floor_spawned":[2,10,11,16,18,21,28,31,40,44,45,48],"ascension_level":0}