{"gold_per_floor":[113,133,50,69,80,80,106,106,132,165,165,116,116,116,116,206,206,231,231,40,59,34,34],"floor_reached":23,"playtime":5695,"items_purged":[],"score":398,"play_id":"ae1d669a-24be-426b-9703-9e49fa3a5563","local_time":"20230401135836","is_ascension_mode":true,"campfire_choices":[{"data":"Uppercut","floor":6,"key":"SMITH"},{"data":"Disarm","floor":8,"key":"SMITH"},{"floor":15,"key":"REST"}],"neow_cost":"NONE","seed_source_timestamp":1504348115339000,"circlet_count":0,"master_deck":["AscendersBane","Strike_R","Strike_R","Strike_R","Strike_R","Strike_R","Defend_R","Defend_R","Defend_R","Defend_R","Bash","Hemokinesis","Headbutt","Metallicize","Disarm+1","Uppercut+1","Rupture","Feed","Ghostly Armor","Ghostly","Ghostly","Ghostly","Apotheosis","Warcry"],"relics":["Burning Blood","NeowsBlessing","Potion Belt","Bag of Preparation","Toy Ornithopter","Golden Idol","Fusion Hammer"],"potions_floor_usage":[7,7,13,16,21],"damage_taken":[{"damage":0,"enemies":"Jaw Worm","floor":1,"turns":1},{"damage":0,"enemies":"Small Slimes","floor":2,"turns":1},{"damage":0,"enemies":"2 Louse","floor":4,"turns":2},{"damage":10,"enemies":"Blue Slaver","floor":5,"turns":5},{"damage":34,"enemies":"Lagavulin","floor":7,"turns":6},{"damage":24,"enemies":"Gremlin Nob","floor":10,"turns":4},{"damage":0,"enemies":"Looter","floor":13,"turns":1},{"damage":36,"enemies":"The Guardian","floor":16,"turns":18},{"damage":30,"enemies":"2 Thieves","floor":18,"turns":5},{"damage":2,"enemies":"Spheric Guardian","floor":21,"turns":6},{"damage":36,"enemies":"Book of Stabbing","floor":23,"turns":5}],"seed_played":"1711253570090626463","potions_obtained":[{"floor":1,"key":"Ancient Potion"},{"floor":2,"key":"Strength Potion"},{"floor":7,"key":"SmokeBomb"},{"floor":10,"key":"Weak Potion"},{"floor":18,"key":"BlessingOfTheForge"}],"is_trial":false,"path_per_floor":["M","M","$","M","M","R","E","R","T","E","?","?","M","?","R","B",null,"M","?","$","M","$","E"],"character_chosen":"IRONCLAD","basemod:card_modifiers":[null,null,null,null,null,null,null,null,null,null,null,null,null,null,null,null,null,null,null,null,null,null,null,null],"items_purchased":["Metallicize","Apotheosis","Warcry"],"campfire_rested":1,"item_purchase_floors":[3,20,22],"current_hp_per_floor":[74,75,75,75,71,71,43,43,43,25,7,7,18,18,38,13,54,30,30,30,34,34,0],"gold":34,"neow_bonus":"THREE_ENEMY_KILL","is_prod":false,"is_daily":false,"chose_seed":false,"campfire_upgraded":2,"win_rate":0,"timestamp":1680371916,"path_taken":["M","M","$","M","M","R","E","R","T","E","?","?","M","?","R","BOSS","M","?","$","M","$","E"],"build_version":"2022-12-18","purchased_purges":0,"victory":false,"max_hp_per_floor":[75,75,75,75,75,75,75,75,75,75,75,75,75,68,68,68,68,68,34,34,34,34,34],"card_choices":[{"not_picked":["Intimidate","Feel No Pain"],"picked":"Hemokinesis","floor":1},{"not_picked":["Armaments","Reckless Charge"],"picked":"Headbutt","floor":2},{"not_picked":["Havoc","Heavy Blade"],"picked":"Disarm","floor":4},{"not_picked":["Dropkick","Twin Strike"],"picked":"Uppercut","floor":5},{"not_picked":["Havoc","Pommel Strike","Clothesline"],"picked":"SKIP","floor":7},{"not_picked":["Ghostly Armor","Bloodletting"],"picked":"Rupture","floor":10},{"not_picked":["Juggernaut","Brutality"],"picked":"Feed","floor":16},{"not_picked":["Thunderclap","Wild Strike+1"],"picked":"Ghostly Armor","floor":18},{"not_picked":["Fire Breathing","Carnage","Sentinel+1"],"picked":"SKIP","floor":21}],"player_experience":1361903,"relics_obtained":[{"floor":7,"key":"Potion Belt"},{"floor":9,"key":"Bag of Preparation"},{"floor":10,"key":"Toy Ornithopter"}],"event_choices":[{"damage_healed":0,"gold_gain":0,"player_choice":"Fled","damage_taken":18,"max_hp_gain":0,"max_hp_loss":0,"event_name":"Scrap Ooze","floor":11,"gold_loss":0},{"damage_healed":0,"gold_gain":0,"player_choice":"Left Gold","damage_taken":0,"max_hp_gain":0,"max_hp_loss":0,"event_name":"World of Goop","floor":12,"gold_loss":49},{"damage_healed":0,"gold_gain":0,"player_choice":"Lose Max HP","damage_taken":0,"relics_obtained":["Golden Idol"],"max_hp_gain":0,"max_hp_loss":7,"event_name":"Golden Idol","floor":14,"gold_loss":0},{"damage_healed":0,"gold_gain":0,"player_choice":"Became a Ghost","damage_taken":0,"max_hp_gain":0,"max_hp_loss":34,"event_name":"Ghosts","floor":19,"gold_loss":0,"cards_obtained":["Ghostly","Ghostly","Ghostly"]}],"is_beta":false,"boss_relics":[{"not_picked":["Tiny House","Black Star"],"picked":"Fusion Hammer"}],"items_purged_floors":[],"is_endless":false,"potions_floor_spawned":[1,2,7,10,18],"killed_by":"Book of Stabbing","ascension_level":20}