{"gold_per_floor":[109,109,126,126,201,228,274,297,297,332,29,69,69,12,12,97,160,180,52,93,102,127,153,153,171,243,260,260],"floor_reached":28,"playtime":1125,"items_purged":["Defend_R","Berserk"],"score":522,"play_id":"38fd6174-9063-4658-a296-c8910e9a15f2","local_time":"20230331133523","is_ascension_mode":true,"campfire_choices":[{"data":"Metallicize","floor":13.0,"key":"SMITH"},{"floor":15,"key":"REST"},{"floor":24,"key":"REST"}],"neow_cost":"NONE","seed_source_timestamp":1421088154565900,"circlet_count":0,"master_deck":["AscendersBane","Bash","Uppercut","Shockwave","Blood for Blood","Metallicize+1","Bloodletting","Carnage","Impervious","Metallicize","Hemokinesis","Offering","True Grit","Anger","Entrench","Evolve","Inflame","Sword Boomerang","Dual Wield","Rage","Bludgeon","Infernal Blade+1","Flame Barrier"],"special_seed":0,"relics":["Burning Blood","NeowsBlessing","MealTicket","Red Skull","CeramicFish","Letter Opener","Happy Flower","Unceasing Top","Pandora\u0027s Box","Red Mask","Mercury Hourglass"],"potions_floor_usage":[16,16,20,23],"damage_taken":[{"damage":0.0,"enemies":"2 Louse","floor":1.0,"turns":2.0},{"damage":0.0,"enemies":"Small Slimes","floor":3.0,"turns":1.0},{"damage":0.0,"enemies":"Lagavulin","floor":6.0,"turns":1.0},{"damage":4.0,"enemies":"Jaw Worm","floor":8.0,"turns":4.0},{"damage":41.0,"enemies":"3 Sentries","floor":10.0,"turns":9.0},{"damage":14.0,"enemies":"Lagavulin","floor":12.0,"turns":5.0},{"damage":55,"enemies":"Hexaghost","floor":16,"turns":8},{"damage":28,"enemies":"Shell Parasite","floor":18,"turns":4},{"damage":32,"enemies":"Masked Bandits","floor":20,"turns":5},{"damage":18,"enemies":"2 Thieves","floor":22,"turns":3},{"damage":15,"enemies":"Chosen and Byrds","floor":23,"turns":5},{"damage":22,"enemies":"Sentry and Sphere","floor":25,"turns":3},{"damage":11,"enemies":"Snake Plant","floor":27,"turns":3},{"damage":10,"enemies":"Cultist and Chosen","floor":28,"turns":5}],"seed_played":"-892827765706423836","potions_obtained":[{"floor":1.0,"key":"Swift Potion"},{"floor":3.0,"key":"SpeedPotion"},{"floor":12.0,"key":"Energy Potion"},{"floor":18,"key":"AttackPotion"},{"floor":22,"key":"ColorlessPotion"},{"floor":23,"key":"Strength Potion"}],"is_trial":false,"path_per_floor":["M","?","M","?","?","E","T","M","T","E","$","E","R","$","R","B",null,"M","$","?","?","M","M","R","M","T","M","M"],"character_chosen":"IRONCLAD","basemod:card_modifiers":[null,null,null,null,null,null,null,null,null,null,null,null,null,null,null,null,null,null,null,null,null,null,null],"items_purchased":["Impervious","Metallicize","Energy Potion","Dual Wield"],"campfire_rested":2,"item_purchase_floors":[11,11,14,19],"current_hp_per_floor":[74,74,75,70,59,65,65,67,67,32,47,39,39,54,75,26,63,41,56,30,30,18,9,31,15,15,10,0],"gold":260,"neow_bonus":"THREE_ENEMY_KILL","is_prod":false,"is_daily":false,"chose_seed":false,"campfire_upgraded":1,"win_rate":0,"timestamp":1680284123,"path_taken":["M","?","M","?","?","E","?","?","T","E","$","E","R","?","R","BOSS","M","$","?","?","M","M","R","?","T","M","M"],"build_version":"2022-12-18","purchased_purges":2,"victory":false,"max_hp_per_floor":[75,75,75,75,75,75,75,75,75,75,75,75,75,75,75,75,75,75,75,75,75,75,75,75,75,75,75,75],"card_choices":[{"not_picked":["Perfected Strike","Pommel Strike"],"picked":"Uppercut","floor":1.0},{"not_picked":["Whirlwind","Clothesline"],"picked":"Blood for Blood","floor":3.0},{"not_picked":["Searing Blow","Whirlwind"],"picked":"Metallicize","floor":6.0},{"not_picked":["Havoc","Shockwave"],"picked":"Bloodletting","floor":8.0},{"not_picked":["Armaments","Dark Embrace"],"picked":"Carnage","floor":10.0},{"not_picked":["Searing Blow","Headbutt"],"picked":"Hemokinesis","floor":12.0},{"not_picked":["Limit Break","Barricade"],"picked":"Offering","floor":16},{"not_picked":["Iron Wave","Cleave","Heavy Blade"],"picked":"SKIP","floor":18},{"not_picked":["Entrench","Sword Boomerang"],"picked":"Rage","floor":20},{"not_picked":["Pummel","Twin Strike+1"],"picked":"Infernal Blade+1","floor":22},{"not_picked":["True Grit","Power Through"],"picked":"Flame Barrier","floor":23},{"not_picked":["Burning Pact","Headbutt","Hemokinesis+1"],"picked":"SKIP","floor":25},{"not_picked":["Fire Breathing","Feel No Pain","Sword Boomerang"],"picked":"SKIP","floor":27}],"player_experience":1358715,"relics_obtained":[{"floor":6.0,"key":"Red Skull"},{"floor":7.0,"key":"CeramicFish"},{"floor":9.0,"key":"Letter Opener"},{"floor":10.0,"key":"Happy Flower"},{"floor":12.0,"key":"Unceasing Top"},{"floor":20,"key":"Red Mask"},{"floor":26,"key":"Mercury Hourglass"}],"event_choices":[{"damage_healed":0.0,"max_hp_gain":0.0,"max_hp_loss":0.0,"gold_gain":0.0,"cards_transformed":["Strike_R"],"event_name":"Living Wall","player_choice":"Change","floor":2.0,"gold_loss":0.0,"damage_taken":0.0,"cards_obtained":["Shockwave"]},{"damage_healed":0.0,"max_hp_gain":0.0,"max_hp_loss":0.0,"gold_gain":0.0,"event_name":"Scrap Ooze","player_choice":"Success","floor":4.0,"gold_loss":0.0,"damage_taken":5.0,"relics_obtained":["MealTicket"]},{"damage_healed":0.0,"max_hp_gain":0.0,"max_hp_loss":0.0,"gold_gain":75.0,"event_name":"World of Goop","player_choice":"Gather Gold","floor":5.0,"gold_loss":0.0,"damage_taken":11.0},{"damage_healed":0,"gold_gain":0,"player_choice":"Fought Bandits","damage_taken":0,"max_hp_gain":0,"max_hp_loss":0,"event_name":"Masked Bandits","floor":20,"gold_loss":0},{"damage_healed":0,"gold_gain":0,"player_choice":"1 cards matched","damage_taken":0,"max_hp_gain":0,"max_hp_loss":0,"event_name":"Match and Keep!","floor":21,"gold_loss":0,"cards_obtained":["Bludgeon"]}],"is_beta":false,"boss_relics":[{"not_picked":["Mark of Pain","Tiny House"],"picked":"Pandora\u0027s Box"}],"items_purged_floors":[11,19],"is_endless":false,"potions_floor_spawned":[1,3,12,18,22,23],"killed_by":"Cultist and Chosen","ascension_level":20}