{"gold_per_floor":[117,67,67,17,37,64,83,128,151,151,185,203,203,221,221,221],"floor_reached":16,"playtime":799,"items_purged":[],"score":150,"play_id":"0dc115b9-9a2b-45da-a05f-b4484351085b","local_time":"20230506125902","is_ascension_mode":true,"campfire_choices":[{"floor":15,"key":"REST"}],"neow_cost":"NONE","seed_source_timestamp":151723693059200,"circlet_count":0,"master_deck":["Strike_R","Strike_R","Strike_R","Strike_R","Strike_R","Defend_R","Defend_R","Bash","Shrug It Off","Perfected Strike","Perfected Strike","Pommel Strike","Perfected Strike","Shrug It Off","Second Wind"],"relics":["Burning Blood","Nunchaku","Dream Catcher","Juzu Bracelet","Mummified Hand","Vajra"],"potions_floor_usage":[8,8],"damage_taken":[{"damage":12,"enemies":"2 Louse","floor":1,"turns":3},{"damage":6,"enemies":"Cultist","floor":5,"turns":3},{"damage":32,"enemies":"Gremlin Nob","floor":6,"turns":4},{"damage":4,"enemies":"Jaw Worm","floor":7,"turns":2},{"damage":20,"enemies":"Lagavulin","floor":8,"turns":3},{"damage":16,"enemies":"Gremlin Nob","floor":11,"turns":3},{"damage":17,"enemies":"Gremlin Gang","floor":12,"turns":4},{"damage":8,"enemies":"Blue Slaver","floor":14,"turns":4},{"damage":47,"enemies":"Hexaghost","floor":16,"turns":9}],"seed_played":"-9187041756193493570","potions_obtained":[{"floor":1,"key":"SkillPotion"},{"floor":5,"key":"ColorlessPotion"}],"is_trial":false,"path_per_floor":["M","?","?","$","M","E","M","E","T","T","E","M","?","M","R","B"],"character_chosen":"IRONCLAD","basemod:card_modifiers":[null,null,null,null,null,null,null,null,null,null,null,null,null,null,null],"items_purchased":["Perfected Strike"],"campfire_rested":1,"item_purchase_floors":[4],"current_hp_per_floor":[82,82,82,82,82,56,58,44,44,44,34,23,23,21,47,0],"gold":221,"neow_bonus":"TEN_PERCENT_HP_BONUS","is_prod":false,"is_daily":false,"chose_seed":false,"campfire_upgraded":0,"win_rate":0,"timestamp":1683392342,"path_taken":["M","?","?","$","M","E","?","E","T","?","E","M","?","M","R","BOSS"],"build_version":"2022-12-18","purchased_purges":0,"victory":false,"max_hp_per_floor":[88,88,88,88,88,88,88,88,88,88,88,88,88,88,88,88],"card_choices":[{"not_picked":["Entrench","Wild Strike"],"picked":"Shrug It Off","floor":1},{"not_picked":["Clothesline","Wild Strike"],"picked":"Perfected Strike","floor":5},{"not_picked":["Pommel Strike","Heavy Blade","Clash"],"picked":"SKIP","floor":6},{"not_picked":["Inflame","Sword Boomerang"],"picked":"Pommel Strike","floor":7},{"not_picked":["Fire Breathing","Entrench","Exhume"],"picked":"SKIP","floor":8},{"not_picked":["Twin Strike","Dropkick","Heavy Blade"],"picked":"SKIP","floor":11},{"not_picked":["Searing Blow","Evolve"],"picked":"Perfected Strike","floor":12},{"not_picked":["Sword Boomerang","Pommel Strike"],"picked":"Shrug It Off","floor":14},{"not_picked":["Barricade","True Grit"],"picked":"Second Wind","floor":15}],"player_experience":1444824,"relics_obtained":[{"floor":6,"key":"Nunchaku"},{"floor":8,"key":"Dream Catcher"},{"floor":9,"key":"Juzu Bracelet"},{"floor":10,"key":"Mummified Hand"},{"floor":11,"key":"Vajra"}],"event_choices":[{"cards_removed":["Defend_R"],"damage_healed":0,"gold_gain":0,"player_choice":"Card Removal","damage_taken":0,"max_hp_gain":0,"max_hp_loss":0,"event_name":"The Cleric","floor":2,"gold_loss":50},{"cards_removed":["Defend_R"],"damage_healed":0,"gold_gain":0,"player_choice":"Purged","damage_taken":0,"max_hp_gain":0,"max_hp_loss":0,"event_name":"Purifier","floor":3,"gold_loss":0},{"damage_healed":0,"gold_gain":0,"player_choice":"Ignored","damage_taken":0,"max_hp_gain":0,"max_hp_loss":0,"event_name":"Liars Game","floor":13,"gold_loss":0}],"is_beta":false,"boss_relics":[],"items_purged_floors":[],"is_endless":false,"potions_floor_spawned":[1,5],"killed_by":"Hexaghost","ascension_level":5}