{"gold_per_floor":[115,129,142,153,153,196,220,220,290,342,342,292,332,332],"floor_reached":14,"playtime":400,"items_purged":[],"score":146,"play_id":"96c55d02-408a-4fa8-9bbd-71b35172f6b5","local_time":"20230516190030","is_ascension_mode":true,"campfire_choices":[{"floor":8,"key":"REST"}],"neow_cost":"NONE","seed_source_timestamp":364055803815800,"circlet_count":0,"master_deck":["Strike_R","Strike_R","Strike_R","Strike_R","Defend_R","Defend_R","Defend_R","Defend_R","Bash","True Grit","Second Wind","Clothesline","Anger","Disarm","Shrug It Off","Burning Pact","Cleave"],"relics":["Burning Blood","NeowsBlessing","Golden Idol","CeramicFish","Bottled Flame","Unceasing Top","Lantern"],"potions_floor_usage":[4,10,11],"damage_taken":[{"damage":0,"enemies":"Jaw Worm","floor":1,"turns":1},{"damage":0,"enemies":"Small Slimes","floor":2,"turns":1},{"damage":0,"enemies":"Cultist","floor":3,"turns":1},{"damage":5,"enemies":"3 Louse","floor":4,"turns":5},{"damage":31,"enemies":"Lagavulin","floor":6,"turns":7},{"damage":5,"enemies":"Looter","floor":7,"turns":4},{"damage":22,"enemies":"Gremlin Nob","floor":10,"turns":5},{"damage":5,"enemies":"Gremlin Gang","floor":11,"turns":3},{"damage":43,"enemies":"Lagavulin","floor":13,"turns":8},{"damage":9,"enemies":"Red Slaver","floor":14,"turns":1}],"seed_played":"5934734463286817803","potions_obtained":[{"floor":1,"key":"EssenceOfSteel"},{"floor":3,"key":"SmokeBomb"},{"floor":6,"key":"SneckoOil"}],"is_trial":false,"path_per_floor":["M","M","M","M","?","E","M","R","T","E","M","?","E","M"],"character_chosen":"IRONCLAD","basemod:card_modifiers":[null,null,null,null,null,null,null,null,null,null,null,null,null,null,null,null,null],"items_purchased":[],"campfire_rested":1,"item_purchase_floors":[],"current_hp_per_floor":[78,80,80,80,60,35,36,60,60,44,45,45,8,0],"gold":332,"neow_bonus":"THREE_ENEMY_KILL","is_prod":false,"is_daily":false,"chose_seed":false,"campfire_upgraded":0,"win_rate":0,"timestamp":1684278030,"path_taken":["M","M","M","M","?","E","M","R","T","E","M","?","E","M"],"build_version":"2022-12-18","purchased_purges":0,"victory":false,"max_hp_per_floor":[80,80,80,80,80,80,80,80,80,80,80,80,80,80],"card_choices":[{"not_picked":["Seeing Red","Bloodletting"],"picked":"True Grit","floor":1},{"not_picked":["Shockwave","Armaments"],"picked":"Second Wind","floor":2},{"not_picked":["Battle Trance","Headbutt"],"picked":"Clothesline","floor":3},{"not_picked":["Warcry","Rampage"],"picked":"Anger","floor":4},{"not_picked":["Armaments","Perfected Strike"],"picked":"Disarm","floor":6},{"not_picked":["Metallicize","Sword Boomerang"],"picked":"Shrug It Off","floor":7},{"not_picked":["Armaments","Heavy Blade"],"picked":"Burning Pact","floor":10},{"not_picked":["Second Wind","Berserk"],"picked":"Cleave","floor":13}],"player_experience":1427087,"relics_obtained":[{"floor":6,"key":"CeramicFish"},{"floor":9,"key":"Bottled Flame"},{"floor":10,"key":"Unceasing Top"},{"floor":13,"key":"Lantern"}],"event_choices":[{"damage_healed":0,"gold_gain":0,"player_choice":"Take Damage","damage_taken":20,"relics_obtained":["Golden Idol"],"max_hp_gain":0,"max_hp_loss":0,"event_name":"Golden Idol","floor":5,"gold_loss":0},{"cards_removed":["Strike_R"],"damage_healed":0,"gold_gain":0,"player_choice":"Card Removal","damage_taken":0,"max_hp_gain":0,"max_hp_loss":0,"event_name":"The Cleric","floor":12,"gold_loss":50}],"is_beta":false,"boss_relics":[],"items_purged_floors":[],"is_endless":false,"potions_floor_spawned":[1,3,6],"killed_by":"Red Slaver","ascension_level":6}