{"gold_per_floor":[111,111,111,111,123,123,153,153,207,224,224,224,224,254,254,355,355,365,18,30,30,30,55,55,88,115,125,138,138,12,24,24,24],"floor_reached":33,"playtime":1419,"items_purged":["Strike_R","Strike_R"],"score":541,"play_id":"bdbc512b-c86b-42e6-a30d-c11375254382","local_time":"20230527161906","is_ascension_mode":true,"campfire_choices":[{"data":"Shrug It Off","floor":6.0,"key":"SMITH"},{"data":"Pommel Strike","floor":8.0,"key":"SMITH"},{"data":"Shrug It Off","floor":11.0,"key":"SMITH"},{"data":"Inflame","floor":13.0,"key":"SMITH"},{"data":"Bash","floor":15.0,"key":"SMITH"},{"data":"Reaper","floor":24.0,"key":"SMITH"},{"floor":32.0,"key":"REST"}],"neow_cost":"NONE","seed_source_timestamp":0,"circlet_count":0,"master_deck":["Strike_R","Strike_R","Strike_R","Defend_R","Defend_R","Defend_R","Bash+1","Inflame+1","Shrug It Off+1","Pommel Strike+1","Shrug It Off+1","Feed+1","Pummel","Master of Strategy","Blood for Blood","Combust","Feed","Reaper+1","Second Wind","True Grit","Burning Pact+1","Ghostly Armor","Shrug It Off","Demon Form"],"special_seed":0,"relics":["Black Blood","NeowsBlessing","CaptainsWheel","Pocketwatch","Happy Flower","Bag of Marbles","Bottled Flame","Champion Belt","Question Card","Nunchaku"],"potions_floor_usage":[],"damage_taken":[{"damage":0.0,"enemies":"Small Slimes","floor":1.0,"turns":1.0},{"damage":0.0,"enemies":"2 Louse","floor":5.0,"turns":1.0},{"damage":0.0,"enemies":"Lagavulin","floor":7.0,"turns":1.0},{"damage":0.0,"enemies":"Cultist","floor":10.0,"turns":2.0},{"damage":2.0,"enemies":"3 Sentries","floor":14.0,"turns":5.0},{"damage":58.0,"enemies":"Hexaghost","floor":16.0,"turns":11.0},{"damage":9.0,"enemies":"Shell Parasite","floor":18.0,"turns":7.0},{"damage":1.0,"enemies":"Chosen","floor":20.0,"turns":3.0},{"damage":64.0,"enemies":"Slavers","floor":23.0,"turns":6.0},{"damage":40.0,"enemies":"Book of Stabbing","floor":25.0,"turns":5.0},{"damage":11.0,"enemies":"Snake Plant","floor":27.0,"turns":3.0},{"damage":19.0,"enemies":"Centurion and Healer","floor":28.0,"turns":6.0},{"damage":6.0,"enemies":"Shelled Parasite and Fungi","floor":31.0,"turns":10.0},{"damage":62.0,"enemies":"Automaton","floor":33.0,"turns":9.0}],"seed_played":"1596876719237401017","potions_obtained":[{"floor":7.0,"key":"BlessingOfTheForge"},{"floor":10.0,"key":"SkillPotion"},{"floor":16.0,"key":"BloodPotion"},{"floor":23.0,"key":"Strength Potion"},{"floor":25.0,"key":"Fire Potion"},{"floor":28.0,"key":"SteroidPotion"},{"floor":31.0,"key":"ColorlessPotion"}],"is_trial":false,"path_per_floor":["M","?","?","?","M","R","E","R","T","M","R","?","R","E","R","B",null,"M","$","M","?","?","E","R","E","T","M","M","?","$","M","R","B"],"character_chosen":"IRONCLAD","basemod:card_modifiers":[null,null,null,null,null,null,null,null,null,null,null,null,null,null,null,null,null,null,null,null,null,null,null,null],"items_purchased":["Master of Strategy","Blood for Blood","Shrug It Off"],"campfire_rested":1,"item_purchase_floors":[19,19,30],"current_hp_per_floor":[78,83,83,80,85,85,85,85,85,85,85,85,85,85,85,33,72,78,78,88,88,88,56,56,28,28,29,38,38,38,56,84,34],"gold":24,"neow_bonus":"THREE_ENEMY_KILL","is_prod":false,"is_daily":false,"chose_seed":false,"campfire_upgraded":6,"win_rate":0,"timestamp":1685218746,"path_taken":["M","?","?","?","M","R","E","R","T","M","R","?","R","E","R","BOSS","M","$","M","?","?","E","R","E","T","M","?","?","$","M","R","BOSS","BOSS"],"build_version":"2022-12-18","purchased_purges":2,"victory":false,"max_hp_per_floor":[80,85,85,85,85,85,85,85,85,85,85,85,85,85,85,85,85,88,88,88,88,88,91,91,91,91,91,91,91,91,94,94,94],"card_choices":[{"not_picked":["Headbutt","Intimidate"],"picked":"Inflame","floor":1.0},{"not_picked":["Cleave","Battle Trance"],"picked":"Shrug It Off","floor":5.0},{"not_picked":["Rupture","Warcry"],"picked":"Pommel Strike","floor":7.0},{"not_picked":["Cleave","Dropkick"],"picked":"Shrug It Off","floor":10.0},{"not_picked":["Reckless Charge","Fire Breathing","Shrug It Off"],"picked":"SKIP","floor":14.0},{"not_picked":["Barricade","Exhume"],"picked":"Feed","floor":16.0},{"not_picked":["Sentinel","Perfected Strike"],"picked":"Pummel","floor":18.0},{"not_picked":["Clash+1","Clothesline"],"picked":"Combust","floor":20.0},{"not_picked":["Armaments","Sword Boomerang"],"picked":"Reaper","floor":23.0},{"not_picked":["True Grit","Clothesline+1"],"picked":"Second Wind","floor":25.0},{"not_picked":["Anger","Sentinel","True Grit","Clothesline"],"picked":"SKIP","floor":27.0},{"not_picked":["Anger","Sentinel","Clothesline"],"picked":"True Grit","floor":27.0},{"not_picked":["Flex","Headbutt+1","Clash"],"picked":"Burning Pact+1","floor":28.0},{"not_picked":["Twin Strike","Dual Wield","Headbutt+1"],"picked":"Demon Form","floor":31.0}],"player_experience":1427487,"relics_obtained":[{"floor":7.0,"key":"Pocketwatch"},{"floor":9.0,"key":"Happy Flower"},{"floor":14.0,"key":"Bottled Flame"},{"floor":23.0,"key":"Champion Belt"},{"floor":25.0,"key":"Question Card"},{"floor":26.0,"key":"Nunchaku"}],"event_choices":[{"damage_healed":0.0,"max_hp_gain":5.0,"max_hp_loss":0.0,"gold_gain":0.0,"event_name":"Big Fish","player_choice":"Donut","floor":2.0,"gold_loss":0.0,"damage_taken":0.0},{"damage_healed":0.0,"max_hp_gain":0.0,"max_hp_loss":0.0,"gold_gain":0.0,"cards_transformed":["Defend_R"],"event_name":"Living Wall","player_choice":"Change","floor":3.0,"gold_loss":0.0,"damage_taken":0.0,"cards_obtained":["Wild Strike"]},{"damage_healed":0.0,"max_hp_gain":0.0,"max_hp_loss":0.0,"gold_gain":0.0,"event_name":"Scrap Ooze","player_choice":"Success","floor":4.0,"gold_loss":0.0,"damage_taken":3.0,"relics_obtained":["CaptainsWheel"]},{"cards_removed":["Wild Strike"],"damage_healed":0.0,"max_hp_gain":0.0,"max_hp_loss":0.0,"gold_gain":0.0,"event_name":"WeMeetAgain","player_choice":"Gave Card","floor":12.0,"gold_loss":0.0,"damage_taken":0.0,"relics_obtained":["Bag of Marbles"]},{"cards_removed":["Feed"],"damage_healed":0.0,"max_hp_gain":0.0,"max_hp_loss":0.0,"gold_gain":0.0,"event_name":"betterNote:BetterNote","player_choice":"Take \u0026 Give","floor":21.0,"gold_loss":0.0,"damage_taken":0.0,"cards_obtained":["Feed"]},{"damage_healed":0.0,"max_hp_gain":0.0,"max_hp_loss":0.0,"gold_gain":0.0,"event_name":"Upgrade Shrine","player_choice":"Upgraded","floor":22.0,"gold_loss":0.0,"damage_taken":0.0,"cards_upgraded":["Feed"]},{"damage_healed":0.0,"max_hp_gain":0.0,"max_hp_loss":0.0,"gold_gain":0.0,"event_name":"The Library","player_choice":"Read","floor":29.0,"gold_loss":0.0,"damage_taken":0.0,"cards_obtained":["Ghostly Armor"]}],"is_beta":false,"boss_relics":[{"not_picked":["Calling Bell","Cursed Key"],"picked":"Black Blood"}],"items_purged_floors":[19,30],"is_endless":false,"potions_floor_spawned":[7,10,16,23,25,28,31,33],"killed_by":"Automaton","ascension_level":6}