{
  "gold_per_floor": [
    118, 118, 118, 43, 43, 43, 17, 36, 62, 92, 102, 102, 102, 115, 115, 215,
    215, 226, 0, 15, 15, 15, 0, 40, 65, 77, 104, 116, 128
  ],
  "floor_reached": 29,
  "playtime": 805,
  "items_purged": ["Strike_B", "Strike_B"],
  "score": 266,
  "play_id": "bd4a33be-71e6-4ec3-826b-130a31f099f5",
  "local_time": "20221002222256",
  "is_ascension_mode": false,
  "campfire_choices": [
    { "data": "Dualcast", "floor": 6, "key": "SMITH" },
    { "data": "Sunder", "floor": 13, "key": "SMITH" },
    { "data": "Streamline", "floor": 15, "key": "SMITH" },
    { "floor": 28, "key": "REST" }
  ],
  "neow_cost": "NONE",
  "seed_source_timestamp": 677263046617800,
  "circlet_count": 0,
  "master_deck": [
    "Strike_B",
    "Defend_B",
    "Defend_B",
    "Defend_B",
    "Defend_B",
    "Zap+1",
    "Dualcast+1",
    "Melter",
    "Gash",
    "Reprogram",
    "Go for the Eyes",
    "Sunder+1",
    "Streamline+1",
    "Echo Form",
    "Turbo",
    "Hyperbeam",
    "Leap",
    "Skim+1",
    "Shame",
    "Static Discharge",
    "Decay",
    "Self Repair"
  ],
  "relics": [
    "Cracked Core",
    "NeowsBlessing",
    "Shuriken",
    "PreservedInsect",
    "Bag of Preparation",
    "Blue Candle",
    "Cursed Key",
    "MawBank",
    "Pen Nib",
    "Sundial"
  ],
  "potions_floor_usage": [14, 16, 18, 24],
  "damage_taken": [
    { "damage": 0, "enemies": "Jaw Worm", "floor": 1, "turns": 1 },
    { "damage": 0, "enemies": "Small Slimes", "floor": 8, "turns": 1 },
    { "damage": 0, "enemies": "Lagavulin", "floor": 10, "turns": 1 },
    { "damage": 0, "enemies": "2 Louse", "floor": 11, "turns": 1 },
    { "damage": 5, "enemies": "Blue Slaver", "floor": 14, "turns": 2 },
    { "damage": 30, "enemies": "Hexaghost", "floor": 16, "turns": 6 },
    { "damage": 15, "enemies": "3 Byrds", "floor": 18, "turns": 5 },
    { "damage": 16, "enemies": "2 Thieves", "floor": 20, "turns": 3 },
    { "damage": 10, "enemies": "Book of Stabbing", "floor": 24, "turns": 4 },
    { "damage": 4, "enemies": "Chosen and Byrds", "floor": 25, "turns": 6 },
    { "damage": 20, "enemies": "Cultist and Chosen", "floor": 27, "turns": 5 },
    { "damage": 2, "enemies": "Snecko", "floor": 29, "turns": 3 }
  ],
  "seed_played": "4862547923218090483",
  "potions_obtained": [
    { "floor": 10, "key": "EssenceOfSteel" },
    { "floor": 14, "key": "DuplicationPotion" },
    { "floor": 16, "key": "expansioncontent:BossPotion" },
    { "floor": 20, "key": "Fire Potion" },
    { "floor": 27, "key": "bronze:BurnAndBuffPotion" }
  ],
  "is_trial": false,
  "path_per_floor": [
    "M",
    "?",
    "?",
    "$",
    "?",
    "R",
    "$",
    "M",
    "T",
    "E",
    "M",
    "?",
    "R",
    "M",
    "R",
    "B",
    null,
    "M",
    "$",
    "M",
    "?",
    "?",
    "?",
    "E",
    "M",
    "T",
    "M",
    "R",
    "M"
  ],
  "character_chosen": "DEFECT",
  "items_purchased": ["Gash", "Hyperbeam", "Leap"],
  "campfire_rested": 1,
  "item_purchase_floors": [7, 19, 19],
  "current_hp_per_floor": [
    75, 63, 63, 63, 56, 56, 56, 56, 56, 56, 56, 51, 51, 46, 46, 16, 75, 60, 60,
    44, 44, 44, 44, 34, 30, 30, 10, 32, 30
  ],
  "gold": 128,
  "neow_bonus": "THREE_ENEMY_KILL",
  "is_prod": false,
  "is_daily": false,
  "chose_seed": false,
  "campfire_upgraded": 3,
  "win_rate": 0,
  "timestamp": 1664763776,
  "path_taken": [
    "M",
    "?",
    "?",
    "$",
    "?",
    "R",
    "?",
    "M",
    "T",
    "E",
    "M",
    "?",
    "R",
    "M",
    "R",
    "BOSS",
    "M",
    "$",
    "M",
    "?",
    "?",
    "?",
    "E",
    "M",
    "T",
    "M",
    "R",
    "M"
  ],
  "build_version": "2022-03-07",
  "purchased_purges": 2,
  "victory": false,
  "max_hp_per_floor": [
    75, 75, 75, 75, 75, 75, 75, 75, 75, 75, 75, 75, 75, 75, 75, 75, 75, 75, 75,
    75, 75, 75, 75, 75, 75, 75, 75, 75, 75
  ],
  "card_choices": [
    { "not_picked": ["Rebound", "Coolheaded"], "picked": "Melter", "floor": 1 },
    { "not_picked": ["Beam Cell", "Loop"], "picked": "Reprogram", "floor": 8 },
    {
      "not_picked": ["Ball Lightning", "Aggregate"],
      "picked": "Go for the Eyes",
      "floor": 10
    },
    { "not_picked": ["Cold Snap", "Stack"], "picked": "Sunder", "floor": 11 },
    {
      "not_picked": ["Auto Shields", "Force Field"],
      "picked": "Streamline",
      "floor": 14
    },
    { "not_picked": ["Seek", "Reboot"], "picked": "Echo Form", "floor": 16 },
    {
      "not_picked": ["Auto Shields+1", "Sweeping Beam"],
      "picked": "Turbo",
      "floor": 18
    },
    { "not_picked": ["Aggregate+1", "Redo"], "picked": "Skim+1", "floor": 20 },
    {
      "not_picked": ["Steam", "Streamline", "Cold Snap"],
      "picked": "SKIP",
      "floor": 24
    },
    {
      "not_picked": ["Leap+1", "BootSequence"],
      "picked": "Static Discharge",
      "floor": 25
    },
    {
      "not_picked": ["Sweeping Beam", "Steam"],
      "picked": "Self Repair",
      "floor": 27
    }
  ],
  "player_experience": 1457057,
  "relics_obtained": [
    { "floor": 9, "key": "PreservedInsect" },
    { "floor": 10, "key": "Bag of Preparation" },
    { "floor": 12, "key": "Blue Candle" },
    { "floor": 24, "key": "Pen Nib" },
    { "floor": 26, "key": "Sundial" }
  ],
  "event_choices": [
    {
      "damage_healed": 0,
      "gold_gain": 0,
      "player_choice": "Success",
      "damage_taken": 12,
      "relics_obtained": ["Shuriken"],
      "max_hp_gain": 0,
      "max_hp_loss": 0,
      "event_name": "Scrap Ooze",
      "floor": 2,
      "gold_loss": 0
    },
    {
      "damage_healed": 0,
      "gold_gain": 0,
      "player_choice": "Grow",
      "damage_taken": 0,
      "max_hp_gain": 0,
      "max_hp_loss": 0,
      "event_name": "Living Wall",
      "floor": 3,
      "gold_loss": 0,
      "cards_upgraded": ["Zap"]
    },
    {
      "cards_removed": ["Strike_B"],
      "damage_healed": 0,
      "gold_gain": 0,
      "player_choice": "Card Removal",
      "damage_taken": 7,
      "max_hp_gain": 0,
      "max_hp_loss": 0,
      "event_name": "Golden Wing",
      "floor": 5,
      "gold_loss": 0
    },
    {
      "damage_healed": 0,
      "gold_gain": 0,
      "player_choice": "Chased Away",
      "damage_taken": 5,
      "relics_obtained": ["Blue Candle"],
      "max_hp_gain": 0,
      "max_hp_loss": 0,
      "event_name": "hexamod:WanderingSpecter",
      "floor": 12,
      "gold_loss": 0
    },
    {
      "damage_healed": 0,
      "gold_gain": 0,
      "player_choice": "Stole Relic",
      "damage_taken": 0,
      "relics_obtained": ["MawBank"],
      "max_hp_gain": 0,
      "max_hp_loss": 0,
      "event_name": "Addict",
      "floor": 22,
      "gold_loss": 0,
      "cards_obtained": ["Shame"]
    },
    {
      "damage_healed": 0,
      "gold_gain": 0,
      "player_choice": "Paid Fearfully",
      "damage_taken": 0,
      "max_hp_gain": 0,
      "max_hp_loss": 0,
      "event_name": "Masked Bandits",
      "floor": 23,
      "gold_loss": 27
    }
  ],
  "is_beta": false,
  "boss_relics": [
    { "not_picked": ["Inserter", "Snecko Eye"], "picked": "Cursed Key" }
  ],
  "items_purged_floors": [4, 19],
  "is_endless": false,
  "potions_floor_spawned": [10, 14, 16, 20, 27],
  "killed_by": "Snecko",
  "ascension_level": 0
}
