{
  "gold_per_floor": [
    110, 110, 130, 230, 242, 242, 261, 27, 51, 63, 79, 92, 120, 143, 143, 143
  ],
  "floor_reached": 16,
  "playtime": 727,
  "items_purged": [],
  "score": 106,
  "play_id": "ba2dfe97-0551-44a4-af96-774dfba42893",
  "local_time": "20221002215620",
  "is_ascension_mode": false,
  "campfire_choices": [
    { "data": "Consume", "floor": 6, "key": "SMITH" },
    { "floor": 15, "key": "REST" }
  ],
  "neow_cost": "NONE",
  "seed_source_timestamp": 675745442270200,
  "circlet_count": 0,
  "master_deck": [
    "Strike_B",
    "Strike_B",
    "Strike_B",
    "Strike_B",
    "Defend_B",
    "Defend_B",
    "Defend_B",
    "Defend_B",
    "Zap",
    "Dualcast",
    "Multi-Cast",
    "Gash",
    "Leap",
    "Consume+1",
    "Capacitor",
    "Apotheosis",
    "White Noise",
    "Conserve Battery",
    "Redo",
    "BootSequence"
  ],
  "relics": ["Cracked Core", "Membership Card", "Smiling Mask", "CeramicFish"],
  "potions_floor_usage": [10, 11, 14],
  "damage_taken": [
    { "damage": 6, "enemies": "Cultist", "floor": 1, "turns": 3 },
    { "damage": 0, "enemies": "Small Slimes", "floor": 3, "turns": 2 },
    { "damage": 1, "enemies": "Jaw Worm", "floor": 5, "turns": 3 },
    { "damage": 13, "enemies": "Large Slime", "floor": 7, "turns": 6 },
    { "damage": 2, "enemies": "Blue Slaver", "floor": 10, "turns": 3 },
    { "damage": 5, "enemies": "Looter", "floor": 11, "turns": 4 },
    { "damage": 0, "enemies": "3 Louse", "floor": 12, "turns": 2 },
    { "damage": 20, "enemies": "Lagavulin", "floor": 13, "turns": 7 },
    { "damage": 19, "enemies": "Gremlin Gang", "floor": 14, "turns": 4 },
    { "damage": 43, "enemies": "Slime Boss", "floor": 16, "turns": 6 }
  ],
  "seed_played": "-1221992276161273328",
  "potions_obtained": [
    { "floor": 3, "key": "SmokeBomb" },
    { "floor": 7, "key": "Dexterity Potion" },
    { "floor": 10, "key": "AttackPotion" },
    { "floor": 13, "key": "BlessingOfTheForge" }
  ],
  "is_trial": false,
  "path_per_floor": [
    "M",
    "?",
    "M",
    "?",
    "M",
    "R",
    "M",
    "$",
    "T",
    "M",
    "M",
    "M",
    "E",
    "M",
    "R",
    "B"
  ],
  "character_chosen": "DEFECT",
  "items_purchased": ["Membership Card", "Apotheosis"],
  "campfire_rested": 1,
  "item_purchase_floors": [8, 8],
  "current_hp_per_floor": [
    69, 69, 69, 69, 68, 68, 55, 55, 55, 53, 48, 48, 28, 9, 31, 0
  ],
  "gold": 143,
  "neow_bonus": "ONE_RANDOM_RARE_CARD",
  "is_prod": false,
  "is_daily": false,
  "chose_seed": false,
  "campfire_upgraded": 1,
  "win_rate": 0,
  "timestamp": 1664762180,
  "path_taken": [
    "M",
    "?",
    "?",
    "?",
    "M",
    "R",
    "?",
    "?",
    "T",
    "M",
    "M",
    "M",
    "E",
    "M",
    "R",
    "BOSS"
  ],
  "build_version": "2022-03-07",
  "purchased_purges": 0,
  "victory": false,
  "max_hp_per_floor": [
    75, 75, 75, 75, 75, 75, 75, 75, 75, 75, 75, 75, 75, 75, 75, 75
  ],
  "card_choices": [
    { "not_picked": ["Streamline", "Chill"], "picked": "Gash", "floor": 1 },
    { "not_picked": ["Beam Cell", "Stack"], "picked": "Leap", "floor": 3 },
    { "not_picked": ["Stack", "Barrage"], "picked": "Consume", "floor": 5 },
    { "not_picked": ["Steam", "Fusion"], "picked": "Capacitor", "floor": 7 },
    {
      "not_picked": ["Rebound", "Sweeping Beam"],
      "picked": "White Noise",
      "floor": 10
    },
    {
      "not_picked": ["Force Field", "Sunder"],
      "picked": "Conserve Battery",
      "floor": 11
    },
    {
      "not_picked": ["Auto Shields", "Streamline"],
      "picked": "Redo",
      "floor": 12
    },
    {
      "not_picked": ["FTL", "Creative AI", "Hologram"],
      "picked": "SKIP",
      "floor": 13
    },
    {
      "not_picked": ["Coolheaded", "Scrape"],
      "picked": "BootSequence",
      "floor": 14
    }
  ],
  "player_experience": 1457057,
  "relics_obtained": [
    { "floor": 9, "key": "Smiling Mask" },
    { "floor": 13, "key": "CeramicFish" }
  ],
  "event_choices": [
    {
      "damage_healed": 0,
      "gold_gain": 0,
      "player_choice": "Ignored",
      "damage_taken": 0,
      "max_hp_gain": 0,
      "max_hp_loss": 0,
      "event_name": "NoteForYourself",
      "floor": 2,
      "gold_loss": 0
    },
    {
      "damage_healed": 0,
      "gold_gain": 100,
      "player_choice": "Pray",
      "damage_taken": 0,
      "max_hp_gain": 0,
      "max_hp_loss": 0,
      "event_name": "Golden Shrine",
      "floor": 4,
      "gold_loss": 0
    }
  ],
  "is_beta": false,
  "boss_relics": [],
  "items_purged_floors": [],
  "is_endless": false,
  "potions_floor_spawned": [3, 7, 10, 13],
  "killed_by": "Slime Boss",
  "ascension_level": 0
}
