{"gold_per_floor":[115,65,81,97,22,53,53,53,77,77,77,77,141,152,152,152],"floor_reached":16,"playtime":776,"items_purged":["Strike_B"],"score":123,"play_id":"11676f76-fbff-4272-a41e-b4e76b220e92","local_time":"20221002220923","is_ascension_mode":false,"campfire_choices":[{"data":"Fission","floor":7,"key":"SMITH"},{"data":"Self Repair","floor":10,"key":"SMITH"},{"data":"Zap","floor":12,"key":"SMITH"},{"data":"Leap","floor":15,"key":"SMITH"}],"neow_cost":"NONE","seed_source_timestamp":676480128345800,"circlet_count":0,"master_deck":["Strike_B","Strike_B","Strike_B","Defend_B","Defend_B","Defend_B","Zap+1","Dualcast","Fission+1","Self Repair+1","BootSequence","Sweeping Beam","Reinforced Body","Leap+1","Cold Snap"],"relics":["Cracked Core","Pear","Mummified Hand","Oddly Smooth Stone","Omamori"],"potions_floor_usage":[4,6,16],"damage_taken":[{"damage":0,"enemies":"Cultist","floor":1,"turns":4},{"damage":10,"enemies":"Jaw Worm","floor":3,"turns":4},{"damage":0,"enemies":"Small Slimes","floor":4,"turns":1},{"damage":13,"enemies":"Gremlin Nob","floor":6,"turns":4},{"damage":56,"enemies":"Gremlin Nob","floor":13,"turns":6},{"damage":0,"enemies":"3 Louse","floor":14,"turns":3},{"damage":46,"enemies":"Hexaghost","floor":16,"turns":17}],"seed_played":"-1005768138500257540","potions_obtained":[{"floor":1,"key":"Explosive Potion"},{"floor":4,"key":"gremlin:WizPotion"},{"floor":14,"key":"GamblersBrew"}],"is_trial":false,"path_per_floor":["M","?","M","M","$","E","R","T","T","R","?","R","?","M","R","B"],"character_chosen":"DEFECT","items_purchased":[],"campfire_rested":0,"item_purchase_floors":[],"current_hp_per_floor":[75,75,72,72,72,76,76,76,76,76,81,81,35,45,45,0],"gold":152,"neow_bonus":"ONE_RANDOM_RARE_CARD","is_prod":false,"is_daily":false,"chose_seed":false,"campfire_upgraded":4,"win_rate":0,"timestamp":1664762963,"path_taken":["M","?","M","M","$","E","R","?","T","R","?","R","?","M","R","BOSS"],"build_version":"2022-03-07","purchased_purges":1,"victory":false,"max_hp_per_floor":[75,75,75,75,75,85,85,85,85,85,90,90,90,90,90,90],"card_choices":[{"not_picked":["Scrape","Rebound"],"picked":"Self Repair","floor":1},{"not_picked":["Steam","Steam Power"],"picked":"BootSequence","floor":3},{"not_picked":["Coolheaded","Go for the Eyes"],"picked":"Sweeping Beam","floor":4},{"not_picked":["Sweeping Beam","Skim"],"picked":"Reinforced Body","floor":6},{"not_picked":["Conserve Battery","White Noise"],"picked":"Leap","floor":13},{"not_picked":["Reinforced Body","Conserve Battery"],"picked":"Cold Snap","floor":14}],"player_experience":1457057,"relics_obtained":[{"floor":6,"key":"Pear"},{"floor":8,"key":"Mummified Hand"},{"floor":9,"key":"Oddly Smooth Stone"},{"floor":13,"key":"Omamori"}],"event_choices":[{"cards_removed":["Defend_B"],"damage_healed":0,"gold_gain":0,"player_choice":"Card Removal","damage_taken":0,"max_hp_gain":0,"max_hp_loss":0,"event_name":"The Cleric","floor":2,"gold_loss":50},{"damage_healed":0,"gold_gain":0,"player_choice":"Donut","damage_taken":0,"max_hp_gain":5,"max_hp_loss":0,"event_name":"Big Fish","floor":11,"gold_loss":0},{"damage_healed":0,"gold_gain":30,"player_choice":"Searched \u00273\u0027 times","damage_taken":0,"max_hp_gain":0,"max_hp_loss":0,"event_name":"Dead Adventurer","floor":13,"gold_loss":0}],"is_beta":false,"boss_relics":[],"items_purged_floors":[5],"is_endless":false,"potions_floor_spawned":[1,4,14],"killed_by":"Hexaghost","ascension_level":0}