{"gold_per_floor":[117,135,155,64,74,74,105,115,142,154,22,22,36,48,48,120,120,140,230,5,20,20,20,73,88,113,129,163,163,133,166,166,166],"floor_reached":33,"playtime":1153,"items_purged":[],"score":624,"play_id":"c9c72103-e4c1-4235-b37a-28d5d3ef2e40","local_time":"20221209224841","is_ascension_mode":true,"campfire_choices":[{"data":"Gash","floor":6.0,"key":"SMITH"},{"floor":10.0,"key":"REST"},{"data":"Self Repair","floor":12.0,"key":"SMITH"},{"floor":15.0,"key":"REST"},{"floor":23.0,"key":"REST"},{"floor":29.0,"key":"REST"},{"floor":32,"key":"REST"}],"neow_cost":"NONE","seed_source_timestamp":278689645670800,"circlet_count":0,"master_deck":["AscendersBane","Strike_B","Strike_B","Strike_B","Strike_B","Defend_B+1","Defend_B","Defend_B+1","Defend_B","Zap","Dualcast","Gash","Gash+1","Dark Shackles","Rip and Tear","Good Instincts","Self Repair+1","Steam","Hyperbeam","Cold Snap","Apotheosis","Beam Cell+1","Stack","Gash","Self Repair","Creative AI"],"special_seed":0,"relics":["Cracked Core","NeowsBlessing","War Paint","MawBank","SlaversCollar","Bronze Scales","Boot","DataDisk","Dream Catcher"],"potions_floor_usage":[31,31],"damage_taken":[{"damage":0.0,"enemies":"2 Louse","floor":1.0,"turns":1.0},{"damage":0.0,"enemies":"Cultist","floor":2.0,"turns":1.0},{"damage":0.0,"enemies":"Jaw Worm","floor":3.0,"turns":1.0},{"damage":15.0,"enemies":"Exordium Thugs","floor":5.0,"turns":4.0},{"damage":25.0,"enemies":"Lagavulin","floor":7.0,"turns":7.0},{"damage":10.0,"enemies":"Lots of Slimes","floor":8.0,"turns":4.0},{"damage":12.0,"enemies":"3 Louse","floor":13.0,"turns":3.0},{"damage":15.0,"enemies":"Large Slime","floor":14.0,"turns":6.0},{"damage":52.0,"enemies":"The Guardian","floor":16.0,"turns":14.0},{"damage":37.0,"enemies":"Shell Parasite","floor":18.0,"turns":9.0},{"damage":21.0,"enemies":"Spheric Guardian","floor":21.0,"turns":4.0},{"damage":19.0,"enemies":"3 Cultists","floor":25.0,"turns":5.0},{"damage":22.0,"enemies":"Sentry and Sphere","floor":27.0,"turns":6.0},{"damage":0.0,"enemies":"Gremlin Leader","floor":28.0,"turns":7.0},{"damage":20,"enemies":"Slavers","floor":31,"turns":3},{"damage":77,"enemies":"Automaton","floor":33,"turns":6}],"seed_played":"2052776100630634736","potions_obtained":[{"floor":2.0,"key":"GamblersBrew"},{"floor":3.0,"key":"AttackPotion"},{"floor":7.0,"key":"FairyPotion"},{"floor":14.0,"key":"Explosive Potion"},{"floor":16.0,"key":"Energy Potion"},{"floor":21.0,"key":"Explosive Potion"},{"floor":25.0,"key":"PowerPotion"},{"floor":30.0,"key":"FearPotion"},{"floor":30.0,"key":"BlessingOfTheForge"}],"is_trial":false,"path_per_floor":["M","M","M","$","M","R","E","M","T","R","$","R","M","M","R","B",null,"M","?","$","M","$","R","T","M","T","M","E","R","?","E","R","B"],"character_chosen":"DEFECT","items_purchased":["Dark Shackles","Good Instincts","Self Repair","Cold Snap","Apotheosis"],"campfire_rested":5,"item_purchase_floors":[4,11,11,20,20],"current_hp_per_floor":[64,64,64,64,49,49,24,14,14,35,35,35,33,28,49,31,61,34,22,22,11,11,32,32,23,23,11,21,42,42,22,43,0],"gold":166,"neow_bonus":"THREE_ENEMY_KILL","is_prod":false,"is_daily":false,"chose_seed":false,"campfire_upgraded":2,"win_rate":0,"timestamp":1670644121,"path_taken":["M","M","M","$","M","R","E","M","T","R","$","R","M","M","R","BOSS","M","?","$","?","$","R","?","M","T","M","E","R","?","E","R","BOSS"],"build_version":"2022-12-01","purchased_purges":0,"victory":false,"max_hp_per_floor":[71,71,71,71,71,71,71,71,71,71,71,71,71,71,71,71,71,71,71,71,71,71,71,71,71,71,71,71,71,71,71,71,71],"card_choices":[{"not_picked":["Rebound","Hologram","Melter"],"picked":"SKIP","floor":1.0},{"not_picked":["Leap","Compile Driver"],"picked":"Gash","floor":2.0},{"not_picked":["Capacitor","Go for the Eyes"],"picked":"Gash","floor":3.0},{"not_picked":["Conserve Battery","Redo"],"picked":"Rip and Tear","floor":5.0},{"not_picked":["Barrage","Leap","Fusion"],"picked":"SKIP","floor":7.0},{"not_picked":["Rebound","Beam Cell","Static Discharge"],"picked":"SKIP","floor":8.0},{"not_picked":["Rip and Tear","Barrage","Turbo"],"picked":"SKIP","floor":13.0},{"not_picked":["Hologram","Echo Form"],"picked":"Steam","floor":14.0},{"not_picked":["Creative AI","Amplify"],"picked":"Hyperbeam","floor":16.0},{"not_picked":["Darkness","Streamline","Barrage"],"picked":"SKIP","floor":18.0},{"not_picked":["Go for the Eyes+1","Darkness","Double Energy"],"picked":"SKIP","floor":21.0},{"not_picked":["Go for the Eyes","Leap"],"picked":"Beam Cell+1","floor":25.0},{"not_picked":["Rebound","Fusion"],"picked":"Stack","floor":27.0},{"not_picked":["Genetic Algorithm","Tempest"],"picked":"Gash","floor":28.0},{"not_picked":["Doom and Gloom","Barrage"],"picked":"Self Repair","floor":31},{"not_picked":["Force Field","Doom and Gloom"],"picked":"Creative AI","floor":32}],"player_experience":1281552,"relics_obtained":[{"floor":7.0,"key":"War Paint"},{"floor":9.0,"key":"MawBank"},{"floor":24.0,"key":"Bronze Scales"},{"floor":26.0,"key":"Boot"},{"floor":28.0,"key":"DataDisk"},{"floor":31,"key":"Dream Catcher"}],"event_choices":[{"damage_healed":0.0,"max_hp_gain":0.0,"max_hp_loss":0.0,"gold_gain":90.0,"event_name":"Knowing Skull","player_choice":"GOLD ","floor":19.0,"potions_obtained":[],"gold_loss":0.0,"damage_taken":12.0,"cards_obtained":[]},{"damage_healed":0.0,"max_hp_gain":0.0,"max_hp_loss":0.0,"gold_gain":0.0,"event_name":"The Woman in Blue","player_choice":"Bought 2 Potions","floor":30.0,"gold_loss":0.0,"damage_taken":0.0}],"is_beta":false,"boss_relics":[{"not_picked":["Black Star","Ectoplasm"],"picked":"SlaversCollar"}],"items_purged_floors":[],"is_endless":false,"potions_floor_spawned":[2,3,7,14,16,21,25],"killed_by":"Automaton","ascension_level":20}