{"gold_per_floor":[118,118,137,152,168,201,258,269,269,269,279,279,279,289,289,387,387,407,424,48,61,0,0,12,29,29,29,61,81,116,134,134,236,236,255,268,268,268,293,320,370,400,427,437,437,463,100,120,120,120],"floor_reached":51,"playtime":2398,"items_purged":["Strike_B","Strike_B"],"score":806,"play_id":"3c2cff20-b153-4f6a-8d71-68c884ea4664","local_time":"20230126000532","is_ascension_mode":false,"campfire_choices":[{"data":"Biased Cognition","floor":10.0,"key":"SMITH"},{"data":"Hologram","floor":13.0,"key":"SMITH"},{"floor":15.0,"key":"REST"},{"data":"Static Discharge","floor":23,"key":"SMITH"},{"floor":32,"key":"REST"},{"floor":45,"key":"REST"},{"floor":49,"key":"REST"}],"neow_cost":"NONE","seed_source_timestamp":77297428280500,"circlet_count":0,"master_deck":["Defend_B","Defend_B","Defend_B","Zap+1","Dualcast","Leap","Cold Snap","Ball Lightning","Static Discharge+1","Biased Cognition+1","Sunder","Turbo","Hologram+1","Machine Learning","Redo","Ball Lightning","Compile Driver","Ball Lightning+1","Coolheaded+1","Seek","Beam Cell","FTL+1","Capacitor","Skim"],"special_seed":0,"relics":["Cracked Core","NeowsBlessing","PreservedInsect","HornCleat","Singing Bowl","Philosopher\u0027s Stone","Ornamental Fan","Lantern","Juzu Bracelet","Letter Opener","StoneCalendar","Empty Cage","War Paint","Nunchaku","Pocketwatch","Mercury Hourglass","DataDisk","MealTicket","Medical Kit"],"potions_floor_usage":[16,24,28,33,33,40,40,42,46],"damage_taken":[{"damage":0.0,"enemies":"2 Louse","floor":1.0,"turns":1.0},{"damage":0.0,"enemies":"Small Slimes","floor":3.0,"turns":1.0},{"damage":0.0,"enemies":"Jaw Worm","floor":4.0,"turns":1.0},{"damage":36.0,"enemies":"Exordium Thugs","floor":5.0,"turns":5.0},{"damage":7.0,"enemies":"Lagavulin","floor":6.0,"turns":7.0},{"damage":6.0,"enemies":"3 Sentries","floor":7.0,"turns":5.0},{"damage":0.0,"enemies":"3 Louse","floor":8.0,"turns":3.0},{"damage":0.0,"enemies":"Gremlin Gang","floor":11.0,"turns":4.0},{"damage":6.0,"enemies":"Exordium Wildlife","floor":14.0,"turns":3.0},{"damage":5,"enemies":"Hexaghost","floor":16,"turns":9},{"damage":0,"enemies":"Spheric Guardian","floor":18,"turns":3},{"damage":14,"enemies":"Shell Parasite","floor":19,"turns":5},{"damage":0,"enemies":"Snake Plant","floor":21,"turns":3},{"damage":7,"enemies":"Sentry and Sphere","floor":24,"turns":4},{"damage":1,"enemies":"3 Cultists","floor":25,"turns":4},{"damage":16,"enemies":"Gremlin Leader","floor":28,"turns":5},{"damage":1,"enemies":"Centurion and Healer","floor":29,"turns":6},{"damage":21,"enemies":"Slavers","floor":30,"turns":3},{"damage":0,"enemies":"Snecko","floor":31,"turns":3},{"damage":13,"enemies":"Automaton","floor":33,"turns":7},{"damage":7,"enemies":"Orb Walker","floor":35,"turns":3},{"damage":19,"enemies":"3 Darklings","floor":36,"turns":4},{"damage":3,"enemies":"Reptomancer","floor":40,"turns":5},{"damage":18,"enemies":"Mind Bloom Boss Battle","floor":41,"turns":5},{"damage":15,"enemies":"Giant Head","floor":42,"turns":6},{"damage":0,"enemies":"4 Shapes","floor":44,"turns":4},{"damage":15,"enemies":"Nemesis","floor":46,"turns":5},{"damage":11,"enemies":"Jaw Worm Horde","floor":48,"turns":3},{"damage":73,"enemies":"Donu and Deca","floor":50,"turns":7}],"seed_played":"6712588627086616313","potions_obtained":[{"floor":7.0,"key":"SkillPotion"},{"floor":8.0,"key":"Block Potion"},{"floor":11.0,"key":"Block Potion"},{"floor":16,"key":"FearPotion"},{"floor":28,"key":"SteroidPotion"},{"floor":29,"key":"Energy Potion"},{"floor":30,"key":"Ancient Potion"},{"floor":36,"key":"BlessingOfTheForge"},{"floor":41,"key":"LiquidMemories"},{"floor":42,"key":"AttackPotion"}],"is_trial":false,"path_per_floor":["M","?","M","M","M","E","?","M","T","R","M","?","R","M","R","B",null,"M","M","$","M","?","R","M","M","T","?","E","M","E","M","R","B",null,"M","M","?","?","T","E","?","E","T","M","R","E","$","M","R","B",null],"character_chosen":"DEFECT","items_purchased":["Ball Lightning","Ornamental Fan","Capacitor","Skim","Medical Kit"],"campfire_rested":4,"item_purchase_floors":[20,20,47,47,47],"current_hp_per_floor":[75,80,80,80,44,37,31,31,31,31,31,31,31,27,51,46,82,84,70,70,72,72,72,67,66,66,66,50,51,30,32,59,46,92,87,70,70,70,70,69,51,36,36,38,68,55,70,61,92,19],"gold":120,"neow_bonus":"THREE_ENEMY_KILL","is_prod":false,"is_daily":false,"chose_seed":false,"campfire_upgraded":3,"win_rate":0,"timestamp":1674709532,"path_taken":["M","?","M","M","M","E","?","M","T","R","M","?","R","?","R","BOSS","M","M","$","M","?","R","M","?","T","?","E","M","E","M","R","BOSS","M","M","?","?","?","E","?","E","T","M","R","E","$","M","R","BOSS"],"build_version":"2022-12-18","purchased_purges":2,"victory":true,"max_hp_per_floor":[75,80,80,80,80,80,80,80,80,80,80,80,80,82,82,82,82,84,84,84,86,86,86,88,88,88,88,88,90,90,92,92,92,92,94,96,96,96,96,98,98,98,98,100,100,102,102,104,104,104],"card_choices":[{"not_picked":["Turbo","Steam"],"picked":"Leap","floor":1.0},{"not_picked":["Sweeping Beam","Rebound"],"picked":"Cold Snap","floor":3.0},{"not_picked":["Redo","Fusion"],"picked":"Ball Lightning","floor":4.0},{"not_picked":["Auto Shields","Conserve Battery"],"picked":"Static Discharge","floor":5.0},{"not_picked":["Compile Driver","Go for the Eyes"],"picked":"Biased Cognition","floor":6.0},{"not_picked":["Aggregate","Self Repair"],"picked":"Sunder","floor":7.0},{"not_picked":["Gash","Rebound"],"picked":"Turbo","floor":8.0},{"not_picked":["Beam Cell","Conserve Battery"],"picked":"Hologram","floor":11.0},{"not_picked":["Redo","Barrage","Aggregate"],"picked":"Singing Bowl","floor":14.0},{"not_picked":["Reboot","Amplify"],"picked":"Machine Learning","floor":16},{"not_picked":["Storm","Turbo","Hologram"],"picked":"Singing Bowl","floor":18},{"not_picked":["Conserve Battery+1","Lockon"],"picked":"Redo","floor":19},{"not_picked":["Beam Cell","Melter","Hologram+1"],"picked":"Singing Bowl","floor":21},{"not_picked":["Self Repair","Heatsinks","Reprogram+1"],"picked":"Singing Bowl","floor":24},{"not_picked":["Hologram","Stack"],"picked":"Compile Driver","floor":25},{"not_picked":["Recycle","Scrape"],"picked":"Ball Lightning+1","floor":28},{"not_picked":["Machine Learning","Hologram","Streamline"],"picked":"Singing Bowl","floor":29},{"not_picked":["Leap+1","Reinforced Body"],"picked":"Coolheaded","floor":30},{"not_picked":["Compile Driver+1","Consume+1","Leap"],"picked":"Singing Bowl","floor":31},{"not_picked":["Amplify","Echo Form"],"picked":"Seek","floor":33},{"not_picked":["Ball Lightning+1","Reprogram","Turbo+1"],"picked":"Singing Bowl","floor":35},{"not_picked":["Reinforced Body","Redo+1","Hello World+1"],"picked":"Singing Bowl","floor":36},{"not_picked":["Static Discharge","Sweeping Beam+1","Scrape"],"picked":"Singing Bowl","floor":40},{"not_picked":["Reprogram","Turbo+1"],"picked":"Beam Cell","floor":41},{"not_picked":["Steam Power","Doom and Gloom"],"picked":"FTL+1","floor":42},{"not_picked":["Glacier","Chaos","Rebound+1"],"picked":"Singing Bowl","floor":44},{"not_picked":["Stack","Gash","Blizzard"],"picked":"Singing Bowl","floor":46},{"not_picked":["Stack+1","Coolheaded","FTL+1"],"picked":"Singing Bowl","floor":48}],"player_experience":1166621,"relics_obtained":[{"floor":6.0,"key":"PreservedInsect"},{"floor":7.0,"key":"HornCleat"},{"floor":9.0,"key":"Singing Bowl"},{"floor":26,"key":"Juzu Bracelet"},{"floor":28,"key":"Letter Opener"},{"floor":30,"key":"StoneCalendar"},{"floor":39,"key":"War Paint"},{"floor":40,"key":"Nunchaku"},{"floor":41,"key":"Pocketwatch"},{"floor":42,"key":"Mercury Hourglass"},{"floor":43,"key":"DataDisk"},{"floor":46,"key":"MealTicket"}],"event_choices":[{"damage_healed":0.0,"max_hp_gain":5.0,"max_hp_loss":0.0,"gold_gain":0.0,"event_name":"Big Fish","player_choice":"Donut","floor":2.0,"gold_loss":0.0,"damage_taken":0.0},{"damage_healed":0.0,"max_hp_gain":0.0,"max_hp_loss":0.0,"gold_gain":30.0,"event_name":"Dead Adventurer","player_choice":"Searched \u00272\u0027 times","floor":7.0,"gold_loss":0.0,"damage_taken":0.0},{"damage_healed":0.0,"max_hp_gain":0.0,"max_hp_loss":0.0,"gold_gain":0.0,"event_name":"betterNote:BetterNote","player_choice":"Ignored","floor":12.0,"gold_loss":0.0,"damage_taken":0.0,"cards_obtained":["Seek"]},{"damage_healed":0,"gold_gain":0,"player_choice":"Paid Gold","damage_taken":0,"relics_obtained":["Lantern"],"max_hp_gain":0,"max_hp_loss":0,"event_name":"WeMeetAgain","floor":22,"gold_loss":61},{"damage_healed":0,"gold_gain":0,"player_choice":"Ignored","damage_taken":0,"max_hp_gain":0,"max_hp_loss":0,"event_name":"The Mausoleum","floor":27,"gold_loss":0},{"damage_healed":0,"gold_gain":0,"player_choice":"Ignored","damage_taken":0,"max_hp_gain":0,"max_hp_loss":0,"event_name":"Tomb of Lord Red Mask","floor":37,"gold_loss":0},{"cards_removed":["Defend_B"],"damage_healed":0,"gold_gain":0,"player_choice":"Removed Skill","damage_taken":0,"max_hp_gain":0,"max_hp_loss":0,"event_name":"Falling","floor":38,"gold_loss":0},{"damage_healed":0,"gold_gain":0,"player_choice":"Fight","damage_taken":0,"max_hp_gain":0,"max_hp_loss":0,"event_name":"MindBloom","floor":41,"gold_loss":0}],"is_beta":false,"boss_relics":[{"not_picked":["Fusion Hammer","Cursed Key"],"picked":"Philosopher\u0027s Stone"},{"not_picked":["Tiny House","FrozenCore"],"picked":"Empty Cage"}],"items_purged_floors":[20,47],"is_endless":false,"potions_floor_spawned":[7,8,11,16,21,28,29,30,36,41,42],"ascension_level":0}