{"gold_per_floor":[119,129,21,33,33,62,62,137,137,167,193,148,148,158,158,158],"floor_reached":16,"playtime":999,"items_purged":[],"score":220,"play_id":"cc975c9a-28c4-48d7-8f81-4b1a773e0b99","local_time":"20230126173049","is_ascension_mode":true,"campfire_choices":[{"data":"Defragment","floor":7,"key":"SMITH"},{"floor":15,"key":"REST"}],"neow_cost":"NONE","seed_source_timestamp":141463591415500,"circlet_count":0,"master_deck":["AscendersBane","Strike_B","Strike_B","Strike_B","Strike_B","Defend_B","Defend_B","Defend_B","Defend_B","Zap","Dualcast","Bandage Up","Cold Snap","Defragment+1","Cold Snap","Coolheaded+1","Hologram","Seek","Redo","Cold Snap","Undo","Reinforced Body"],"special_seed":0,"relics":["Cracked Core","Eternal Feather","Art of War","Kunai","Odd Mushroom"],"potions_floor_usage":[12],"damage_taken":[{"damage":0.0,"enemies":"2 Louse","floor":1.0,"turns":2.0},{"damage":5.0,"enemies":"Jaw Worm","floor":2.0,"turns":4.0},{"damage":7.0,"enemies":"Small Slimes","floor":4.0,"turns":3.0},{"damage":11.0,"enemies":"3 Sentries","floor":6.0,"turns":15.0},{"damage":15,"enemies":"Lagavulin","floor":10,"turns":7},{"damage":23,"enemies":"The Mushroom Lair","floor":11,"turns":9},{"damage":13,"enemies":"Exordium Thugs","floor":12,"turns":5},{"damage":0,"enemies":"Large Slime","floor":14,"turns":7},{"damage":57,"enemies":"Hexaghost","floor":16,"turns":16}],"seed_played":"-817826202838020365","potions_obtained":[{"floor":1.0,"key":"Dexterity Potion"},{"floor":11,"key":"BlessingOfTheForge"}],"is_trial":false,"path_per_floor":["M","M","$","M","?","E","R","?","T","E","?","M","?","M","R","B"],"character_chosen":"DEFECT","items_purchased":["Cold Snap","Coolheaded"],"campfire_rested":1,"item_purchase_floors":[3,3],"current_hp_per_floor":[64,63,63,60,60,53,62,51,51,40,21,12,12,16,49,0],"gold":158,"neow_bonus":"RANDOM_COLORLESS","is_prod":false,"is_daily":false,"chose_seed":false,"campfire_upgraded":1,"win_rate":0,"timestamp":1674772249,"path_taken":["M","M","$","M","?","E","R","?","T","E","?","M","?","M","R","BOSS"],"build_version":"2022-12-18","purchased_purges":0,"victory":false,"max_hp_per_floor":[71,71,71,71,71,71,71,71,71,71,71,71,71,71,71,71],"card_choices":[{"not_picked":["Madness","Mind Blast"],"picked":"Bandage Up","floor":0.0},{"not_picked":["Capacitor","Redo"],"picked":"Cold Snap","floor":1.0},{"not_picked":["Ball Lightning","Hologram"],"picked":"Defragment","floor":2.0},{"not_picked":["Redo","Heatsinks"],"picked":"Hologram","floor":4.0},{"not_picked":["Hologram","Streamline"],"picked":"Seek","floor":6},{"not_picked":["Hologram","Compile Driver"],"picked":"Redo","floor":10},{"not_picked":["Gash","Lockon"],"picked":"Cold Snap","floor":11},{"not_picked":["Ball Lightning","Leap"],"picked":"Undo","floor":12},{"not_picked":["Barrage","Genetic Algorithm"],"picked":"Reinforced Body","floor":14}],"player_experience":1169916,"relics_obtained":[{"floor":6,"key":"Eternal Feather"},{"floor":9,"key":"Art of War"},{"floor":10,"key":"Kunai"},{"floor":11,"key":"Odd Mushroom"}],"event_choices":[{"damage_healed":0.0,"max_hp_gain":0.0,"max_hp_loss":0.0,"gold_gain":0.0,"event_name":"Liars Game","player_choice":"Ignored","floor":5.0,"gold_loss":0.0,"damage_taken":0.0},{"damage_healed":0,"gold_gain":75,"player_choice":"Gather Gold","damage_taken":11,"max_hp_gain":0,"max_hp_loss":0,"event_name":"World of Goop","floor":8,"gold_loss":0},{"damage_healed":0,"gold_gain":0,"player_choice":"Fought Mushrooms","damage_taken":0,"max_hp_gain":0,"max_hp_loss":0,"event_name":"Mushrooms","floor":11,"gold_loss":0},{"damage_healed":0,"gold_gain":0,"player_choice":"Forge","damage_taken":0,"max_hp_gain":0,"max_hp_loss":0,"event_name":"Accursed Blacksmith","floor":13,"gold_loss":0,"cards_upgraded":["Coolheaded"]}],"is_beta":false,"boss_relics":[],"items_purged_floors":[],"is_endless":false,"potions_floor_spawned":[1,11],"killed_by":"Hexaghost","ascension_level":20}