{"gold_per_floor":[118,134,23,39,39,39,65,65,65,84,84,98,4,4,4,100,100,117,46,46,46,46,46],"floor_reached":23,"playtime":607,"items_purged":["Strike_B"],"score":296,"play_id":"955a98d4-fc45-48ff-ba1b-ef33598c7e30","local_time":"20230130193234","is_ascension_mode":true,"campfire_choices":[{"floor":6.0,"key":"REST"},{"floor":8.0,"key":"REST"},{"data":"Static Discharge","floor":15.0,"key":"SMITH"}],"neow_cost":"NONE","seed_source_timestamp":494763758783500,"circlet_count":0,"master_deck":["Strike_B","Strike_B","Strike_B+1","Defend_B","Defend_B","Defend_B","Defend_B","Zap","Dualcast+1","Capacitor","Conserve Battery","Tempest","Lockon","Electrodynamics","Metamorphosis","Rebound","Chaos","Static Discharge+1","Cold Snap","Juggernaut+1","bad_spire:gastrulation","Biased Cognition","Backflip","Reinforced Body","SpiritShield","Ghostly","Loop","Steam","Defragment","Ghostly","Ghostly","Ghostly","Ghostly","Ghostly"],"special_seed":0,"relics":["Cracked Core","Bottled Tornado","Blood Vial","bad_spire:prism","PrismaticShard","Du-Vu Doll"],"potions_floor_usage":[],"damage_taken":[{"damage":1.0,"enemies":"Cultist","floor":1.0,"turns":4.0},{"damage":10.0,"enemies":"2 Louse","floor":2.0,"turns":3.0},{"damage":6.0,"enemies":"Jaw Worm","floor":4.0,"turns":4.0},{"damage":23.0,"enemies":"Gremlin Nob","floor":7.0,"turns":4.0},{"damage":11.0,"enemies":"Lots of Slimes","floor":10.0,"turns":2.0},{"damage":9.0,"enemies":"Blue Slaver","floor":12.0,"turns":3.0},{"damage":7.0,"enemies":"Slime Boss","floor":16.0,"turns":5.0},{"damage":42.0,"enemies":"3 Byrds","floor":18.0,"turns":3.0},{"damage":22,"enemies":"Book of Stabbing","floor":23,"turns":2}],"seed_played":"6497201069307939385","potions_obtained":[{"floor":2.0,"key":"Strength Potion"},{"floor":10.0,"key":"BlessingOfTheForge"},{"floor":11.0,"key":"Fruit Juice"},{"floor":16.0,"key":"BlessingOfTheForge"}],"is_trial":false,"path_per_floor":["M","M","$","M","?","R","E","R","T","M","?","M","$","?","R","B",null,"M","$","?","T","?","E"],"character_chosen":"DEFECT","items_purchased":["Tempest","Static Discharge","Cold Snap","Defragment"],"campfire_rested":2,"item_purchase_floors":[3,13,13,19],"current_hp_per_floor":[67,57,57,51,36,58,35,57,57,48,48,41,41,41,41,41,70,30,30,15,15,15,0],"gold":46,"neow_bonus":"REMOVE_CARD","is_prod":false,"is_daily":false,"chose_seed":false,"campfire_upgraded":1,"win_rate":0,"timestamp":1675125154,"path_taken":["M","M","$","?","?","R","E","R","T","M","?","?","$","?","R","BOSS","M","$","?","?","?","E"],"build_version":"2022-12-18","purchased_purges":1,"victory":false,"max_hp_per_floor":[75,75,75,75,75,75,75,75,75,75,75,75,75,75,75,80,80,80,80,85,85,42,42],"card_choices":[{"not_picked":["Lockon","Go for the Eyes"],"picked":"Capacitor","floor":1.0},{"not_picked":["Beam Cell","Turbo"],"picked":"Conserve Battery","floor":2.0},{"not_picked":["Compile Driver","Redo"],"picked":"Lockon","floor":4.0},{"not_picked":["Chaos","Self Repair"],"picked":"Electrodynamics","floor":7.0},{"not_picked":["Mayhem","Discovery"],"picked":"Metamorphosis","floor":7.0},{"not_picked":["Gash","Compile Driver"],"picked":"Rebound","floor":10.0},{"not_picked":["Turbo","Streamline"],"picked":"Chaos","floor":12.0},{"not_picked":["Mind Blast","Trip"],"picked":"bad_spire:gastrulation","floor":16.0},{"not_picked":["Reboot","Amplify"],"picked":"Biased Cognition","floor":16.0},{"not_picked":["Finisher","Streamline"],"picked":"Steam","floor":18.0}],"player_experience":1209075,"relics_obtained":[{"floor":7.0,"key":"Bottled Tornado"},{"floor":9.0,"key":"Blood Vial"},{"floor":21.0,"key":"Du-Vu Doll"}],"event_choices":[{"damage_healed":0.0,"max_hp_gain":0.0,"max_hp_loss":0.0,"gold_gain":0.0,"event_name":"Shining Light","player_choice":"Entered Light","floor":5.0,"gold_loss":0.0,"damage_taken":15.0,"cards_upgraded":["Dualcast","Strike_B"]},{"damage_healed":0.0,"max_hp_gain":0.0,"max_hp_loss":0.0,"gold_gain":0.0,"event_name":"Lab","player_choice":"Got Potions","floor":11.0,"gold_loss":0.0,"damage_taken":0.0},{"cards_removed":["Tempest"],"damage_healed":0.0,"max_hp_gain":0.0,"max_hp_loss":0.0,"gold_gain":0.0,"event_name":"betterNote:BetterNote","player_choice":"Take \u0026 Give","floor":14.0,"gold_loss":0.0,"damage_taken":0.0,"cards_obtained":["Juggernaut"]},{"damage_healed":0.0,"max_hp_gain":5.0,"max_hp_loss":0.0,"gold_gain":0.0,"event_name":"Forgotten Altar","player_choice":"Shed Blood","floor":20.0,"gold_loss":0.0,"damage_taken":20.0},{"damage_healed":0,"gold_gain":0,"player_choice":"Became a Ghost","damage_taken":0,"max_hp_gain":0,"max_hp_loss":43,"event_name":"Ghosts","floor":22,"gold_loss":0,"cards_obtained":["Ghostly","Ghostly","Ghostly","Ghostly","Ghostly"]}],"is_beta":false,"boss_relics":[{"not_picked":["Ectoplasm","Snecko Eye"],"picked":"bad_spire:prism"}],"items_purged_floors":[3],"is_endless":false,"potions_floor_spawned":[2,10,16],"killed_by":"Book of Stabbing","ascension_level":9}