{"gold_per_floor":[119,129,129,19,19,62,80,80],"floor_reached":8,"playtime":320,"items_purged":[],"score":67,"play_id":"1220f566-540f-40ba-80f9-2409b36f0947","local_time":"20230409180917","is_ascension_mode":true,"campfire_choices":[],"neow_cost":"NONE","seed_source_timestamp":447723732348700,"circlet_count":0,"master_deck":["Strike_G","Strike_G","Strike_G","Strike_G","Strike_G","Defend_G","Defend_G","Defend_G","Defend_G","Defend_G","Survivor","Neutralize","Backflip","Leg Sweep","Footwork","Endless Agony","Blade Dance","Noxious Fumes"],"relics":["Ring of the Snake","Golden Idol","Akabeko"],"potions_floor_usage":[2,6,6],"damage_taken":[{"damage":1,"enemies":"2 Louse","floor":1,"turns":4},{"damage":5,"enemies":"Jaw Worm","floor":2,"turns":7},{"damage":48,"enemies":"Gremlin Nob","floor":6,"turns":8},{"damage":0,"enemies":"Cultist","floor":7,"turns":3},{"damage":13,"enemies":"Lagavulin","floor":8,"turns":4}],"seed_played":"2803346807287086317","potions_obtained":[{"floor":0,"key":"Weak Potion"},{"floor":0,"key":"FearPotion"},{"floor":0,"key":"Swift Potion"}],"is_trial":false,"path_per_floor":["M","M","?","$","?","E","M","E"],"character_chosen":"THE_SILENT","basemod:card_modifiers":[null,null,null,null,null,null,null,null,null,null,null,null,null,null,null,null,null,null],"items_purchased":["Footwork","Endless Agony"],"campfire_rested":0,"item_purchase_floors":[4,4],"current_hp_per_floor":[69,64,69,69,51,3,3,0],"gold":80,"neow_bonus":"THREE_SMALL_POTIONS","is_prod":false,"is_daily":false,"chose_seed":false,"campfire_upgraded":0,"win_rate":0,"timestamp":1681078157,"path_taken":["M","M","?","$","?","E","M","E"],"build_version":"2022-12-18","purchased_purges":0,"victory":false,"max_hp_per_floor":[70,70,75,75,75,75,75,75],"card_choices":[{"not_picked":["Slice","Acrobatics"],"picked":"Backflip","floor":1},{"not_picked":["Tactician","Caltrops"],"picked":"Leg Sweep","floor":2},{"not_picked":["Heel Hook","Envenom"],"picked":"Blade Dance","floor":6},{"not_picked":["Blade Dance","Expertise"],"picked":"Noxious Fumes","floor":7}],"player_experience":1384192,"relics_obtained":[{"floor":6,"key":"Akabeko"}],"event_choices":[{"damage_healed":0,"gold_gain":0,"player_choice":"Donut","damage_taken":0,"max_hp_gain":5,"max_hp_loss":0,"event_name":"Big Fish","floor":3,"gold_loss":0},{"damage_healed":0,"gold_gain":0,"player_choice":"Take Damage","damage_taken":18,"relics_obtained":["Golden Idol"],"max_hp_gain":0,"max_hp_loss":0,"event_name":"Golden Idol","floor":5,"gold_loss":0}],"is_beta":false,"boss_relics":[],"items_purged_floors":[],"is_endless":false,"potions_floor_spawned":[],"killed_by":"Lagavulin","ascension_level":4}