{"gold_per_floor":[118,118,134,153,27,27,57,57,57,76,108,124,49,124,124,219,219,230,249,249,249,261,292,38,128,128,78,78,95,124,138,138,138],"floor_reached":33,"playtime":1665,"items_purged":["Strike_R","Strike_R"],"score":369,"play_id":"e8e7c5ab-4bf4-4c9f-9b22-0b3d81be07a7","local_time":"20230512170851","is_ascension_mode":true,"campfire_choices":[{"data":"Fire Breathing","floor":6,"key":"SMITH"},{"floor":15,"key":"REST"},{"data":"Apotheosis","floor":28,"key":"SMITH"},{"data":"Disarm","floor":32,"key":"SMITH"}],"neow_cost":"NONE","seed_source_timestamp":10489028181800,"circlet_count":0,"master_deck":["Strike_R","Strike_R","Defend_R","Defend_R","Defend_R","Bash","Fire Breathing+1","Twin Strike","Evolve","Wild Strike","Intimidate","Cleave","Twin Strike","Dual Wield","Power Through","Disarm+1","Juggernaut","True Grit","Spot Weakness","Rage","Apotheosis+1","Entrench+1","Cleave"],"relics":["Burning Blood","White Beast Statue","Happy Flower","Kunai","Smiling Mask","Coffee Dripper","Darkstone Periapt","Bird Faced Urn","Pantograph"],"potions_floor_usage":[10,11,16,18,22,22,23,23,29,30,31,33],"damage_taken":[{"damage":2,"enemies":"2 Louse","floor":1,"turns":2},{"damage":12,"enemies":"Jaw Worm","floor":3,"turns":6},{"damage":7,"enemies":"Small Slimes","floor":4,"turns":4},{"damage":28,"enemies":"Lagavulin","floor":7,"turns":6},{"damage":0,"enemies":"Exordium Wildlife","floor":10,"turns":1},{"damage":10,"enemies":"3 Sentries","floor":11,"turns":4},{"damage":1,"enemies":"Blue Slaver","floor":12,"turns":2},{"damage":23,"enemies":"Hexaghost","floor":16,"turns":8},{"damage":18,"enemies":"Shell Parasite","floor":18,"turns":6},{"damage":24,"enemies":"Spheric Guardian","floor":19,"turns":4},{"damage":0,"enemies":"Centurion and Healer","floor":22,"turns":4},{"damage":11,"enemies":"Gremlin Leader","floor":23,"turns":7},{"damage":38,"enemies":"Shelled Parasite and Fungi","floor":29,"turns":6},{"damage":12,"enemies":"Book of Stabbing","floor":30,"turns":7},{"damage":5,"enemies":"Cultist and Chosen","floor":31,"turns":4},{"damage":64,"enemies":"Collector","floor":33,"turns":7}],"seed_played":"5051964001231682874","potions_obtained":[{"floor":3,"key":"SteroidPotion"},{"floor":10,"key":"Fire Potion"},{"floor":11,"key":"Strength Potion"},{"floor":12,"key":"SmokeBomb"},{"floor":16,"key":"Explosive Potion"},{"floor":18,"key":"BlessingOfTheForge"},{"floor":19,"key":"BlessingOfTheForge"},{"floor":21,"key":"DistilledChaos"},{"floor":21,"key":"LiquidMemories"},{"floor":22,"key":"Dexterity Potion"},{"floor":23,"key":"Energy Potion"},{"floor":29,"key":"Dexterity Potion"},{"floor":30,"key":"DistilledChaos"},{"floor":31,"key":"SneckoOil"}],"is_trial":false,"path_per_floor":["M","?","M","M","$","R","E","?","T","M","E","M","$","?","R","B",null,"M","M","?","?","M","E","$","?","T","$","R","M","E","M","R","B"],"character_chosen":"IRONCLAD","basemod:card_modifiers":[[{"classname":"CardAugments.cardmods.common.FlyingMod","priority":0}],[{"classname":"CardAugments.cardmods.common.StickyMod","priority":0}],null,null,null,null,null,[{"classname":"CardAugments.cardmods.common.ShieldedMod","val":7,"modified":false,"upgraded":false,"priority":0}],null,[{"classname":"CardAugments.cardmods.uncommon.NoxiousMod","priority":0}],[{"classname":"CardAugments.cardmods.uncommon.NoxiousMod","priority":0}],[{"classname":"CardAugments.cardmods.rare.PerniciousMod","priority":0}],[{"classname":"CardAugments.cardmods.rare.BludgeonMod","wasZero":false,"priority":0}],[{"classname":"CardAugments.cardmods.common.ReshuffleMod","priority":0}],null,[{"classname":"CardAugments.cardmods.common.BootMod","priority":0}],[{"classname":"CardAugments.cardmods.rare.PhilosophersMod","priority":0}],[{"classname":"CardAugments.cardmods.common.SupplyMod","priority":0}],[{"classname":"CardAugments.cardmods.common.ShieldedMod","val":7,"modified":false,"upgraded":false,"priority":0}],[{"classname":"CardAugments.cardmods.uncommon.PureMod","priority":0}],[{"classname":"CardAugments.cardmods.uncommon.PreparedMod","modifiedBase":false,"priority":0}],null,[{"classname":"CardAugments.cardmods.uncommon.AngryMod","priority":0}]],"items_purchased":["Cleave","Disarm","Rage","Apotheosis"],"campfire_rested":1,"item_purchase_floors":[5,13,24,24],"current_hp_per_floor":[80,80,74,73,73,73,51,48,48,54,50,55,55,44,68,51,73,61,43,43,43,49,44,44,32,32,32,32,10,8,15,15,0],"gold":138,"neow_bonus":"TRANSFORM_CARD","is_prod":false,"is_daily":false,"chose_seed":false,"campfire_upgraded":3,"win_rate":0,"timestamp":1683925731,"path_taken":["M","?","M","M","$","R","E","?","T","M","E","M","?","?","R","BOSS","M","M","?","?","?","E","$","?","T","$","R","M","E","M","R","BOSS"],"build_version":"2022-12-18","purchased_purges":2,"victory":false,"max_hp_per_floor":[80,80,80,80,80,80,80,80,80,80,80,80,80,80,80,80,80,80,80,80,80,80,80,80,80,80,80,80,80,80,80,80,80],"card_choices":[{"not_picked":["Pommel Strike","Infernal Blade"],"picked":"Twin Strike","floor":1},{"not_picked":["Armaments","Pommel Strike"],"picked":"Wild Strike","floor":3},{"not_picked":["Body Slam","Sword Boomerang"],"picked":"Intimidate","floor":4},{"not_picked":["Rage","Thunderclap"],"picked":"Twin Strike","floor":7},{"not_picked":["Sword Boomerang","Flame Barrier","Clash"],"picked":"SKIP","floor":10},{"not_picked":["Dual Wield","Searing Blow","Heavy Blade"],"picked":"SKIP","floor":11},{"not_picked":["Dual Wield","Searing Blow","Heavy Blade"],"picked":"SKIP","floor":11},{"not_picked":["Searing Blow","Heavy Blade"],"picked":"Dual Wield","floor":11},{"not_picked":["Pommel Strike","Demon Form"],"picked":"Power Through","floor":12},{"not_picked":["Barricade","Exhume"],"picked":"Juggernaut","floor":16},{"not_picked":["Thunderclap","Wild Strike","Flex"],"picked":"SKIP","floor":18},{"not_picked":["Combust","Iron Wave"],"picked":"True Grit","floor":19},{"not_picked":["Seeing Red","Perfected Strike","Whirlwind"],"picked":"SKIP","floor":22},{"not_picked":["Double Tap","Headbutt"],"picked":"Spot Weakness","floor":23},{"not_picked":["Seeing Red","Dark Embrace"],"picked":"Entrench+1","floor":29},{"not_picked":["Headbutt","Twin Strike","Bloodletting"],"picked":"SKIP","floor":30},{"not_picked":["Feel No Pain+1","Whirlwind","Cleave"],"picked":"SKIP","floor":31},{"not_picked":["Feel No Pain+1","Whirlwind","Cleave"],"picked":"SKIP","floor":31},{"not_picked":["Feel No Pain+1","Whirlwind"],"picked":"Cleave","floor":31}],"player_experience":1405179,"relics_obtained":[{"floor":7,"key":"White Beast Statue"},{"floor":9,"key":"Kunai"},{"floor":11,"key":"Smiling Mask"},{"floor":23,"key":"Darkstone Periapt"},{"floor":26,"key":"Bird Faced Urn"},{"floor":30,"key":"Pantograph"}],"event_choices":[{"damage_healed":0,"gold_gain":0,"cards_transformed":["Strike_R"],"player_choice":"Change","damage_taken":0,"max_hp_gain":0,"max_hp_loss":0,"event_name":"Living Wall","floor":2,"gold_loss":0,"cards_obtained":["Evolve"]},{"damage_healed":0,"gold_gain":0,"player_choice":"Success","damage_taken":3,"relics_obtained":["Happy Flower"],"max_hp_gain":0,"max_hp_loss":0,"event_name":"Scrap Ooze","floor":8,"gold_loss":0},{"damage_healed":0,"gold_gain":75,"player_choice":"Gather Gold","damage_taken":11,"max_hp_gain":0,"max_hp_loss":0,"event_name":"World of Goop","floor":14,"gold_loss":0},{"damage_healed":0,"gold_gain":0,"player_choice":"Ignored","damage_taken":0,"max_hp_gain":0,"max_hp_loss":0,"event_name":"betterNote:BetterNote","floor":20,"gold_loss":0,"cards_obtained":["Demon Form"]},{"damage_healed":0,"gold_gain":0,"player_choice":"Got Potions","damage_taken":0,"max_hp_gain":0,"max_hp_loss":0,"event_name":"Lab","floor":21,"gold_loss":0},{"damage_healed":0,"gold_gain":90,"player_choice":"GOLD ","damage_taken":12,"max_hp_gain":0,"max_hp_loss":0,"event_name":"Knowing Skull","floor":25,"potions_obtained":[],"gold_loss":0,"cards_obtained":[]}],"is_beta":false,"boss_relics":[{"not_picked":["SacredBark","Runic Pyramid"],"picked":"Coffee Dripper"}],"items_purged_floors":[5,27],"is_endless":false,"potions_floor_spawned":[3,10,11,12,16,18,19,22,23,29,30,31],"killed_by":"Collector","ascension_level":5}