{"gold_per_floor":[111,121,141,141,59,93,93,122,146,146],"floor_reached":10,"playtime":298,"items_purged":[],"score":99,"play_id":"dda1d27e-0e3f-4dd5-aa14-af70e41b3308","local_time":"20230516185340","is_ascension_mode":true,"campfire_choices":[{"data":"Barricade","floor":7,"key":"SMITH"}],"neow_cost":"PERCENT_DAMAGE","seed_source_timestamp":363745724262300,"circlet_count":0,"master_deck":["Strike_R","Strike_R","Strike_R","Defend_R","Defend_R","Defend_R","Defend_R","Bash","Limit Break","Warcry","Blood for Blood","Flame Barrier","Combust","Flex","Barricade+1","Disarm"],"relics":["Burning Blood","CultistMask","Centennial Puzzle","Anchor","Omamori"],"potions_floor_usage":[8,8],"damage_taken":[{"damage":6,"enemies":"Cultist","floor":1,"turns":5},{"damage":7,"enemies":"Jaw Worm","floor":2,"turns":6},{"damage":3,"enemies":"2 Louse","floor":3,"turns":3},{"damage":29,"enemies":"Gremlin Nob","floor":6,"turns":4},{"damage":22,"enemies":"Lagavulin","floor":8,"turns":7},{"damage":15,"enemies":"2 Fungi Beasts","floor":10,"turns":2}],"seed_played":"-1541907765904158217","potions_obtained":[{"floor":3,"key":"ColorlessPotion"},{"floor":6,"key":"Strength Potion"}],"is_trial":false,"path_per_floor":["M","M","M","?","$","E","R","E","T","M"],"character_chosen":"IRONCLAD","basemod:card_modifiers":[null,null,null,null,null,null,null,null,null,null,null,null,null,null,null,null],"items_purchased":["Combust","Flex"],"campfire_rested":0,"item_purchase_floors":[5,5],"current_hp_per_floor":[51,50,53,53,53,30,30,14,14,0],"gold":146,"neow_bonus":"TRANSFORM_TWO_CARDS","is_prod":false,"is_daily":false,"chose_seed":false,"campfire_upgraded":1,"win_rate":0,"timestamp":1684277620,"path_taken":["M","M","?","?","$","E","R","E","T","?"],"build_version":"2022-12-18","purchased_purges":0,"victory":false,"max_hp_per_floor":[80,80,80,80,80,80,80,80,80,80],"card_choices":[{"not_picked":["Havoc","Power Through"],"picked":"Blood for Blood","floor":2},{"not_picked":["Evolve","Perfected Strike"],"picked":"Flame Barrier","floor":3},{"not_picked":["Searing Blow","Battle Trance"],"picked":"Barricade","floor":6},{"not_picked":["Dual Wield","Thunderclap"],"picked":"Disarm","floor":8}],"player_experience":1426789,"relics_obtained":[{"floor":6,"key":"Centennial Puzzle"},{"floor":8,"key":"Anchor"},{"floor":9,"key":"Omamori"}],"event_choices":[{"damage_healed":0,"gold_gain":0,"player_choice":"Trade","damage_taken":0,"relics_obtained":["CultistMask"],"max_hp_gain":0,"max_hp_loss":0,"event_name":"FaceTrader","floor":4,"gold_loss":0}],"is_beta":false,"boss_relics":[],"items_purged_floors":[],"is_endless":false,"potions_floor_spawned":[3,6],"killed_by":"2 Fungi Beasts","ascension_level":6}