{"gold_per_floor":[115,15,90,103,123,123,123,10,10,10,10,53,78,119,119,248,248,266,30,30,50,50,50,64,64,64,82,82,82,102,146,146,146],"floor_reached":33,"playtime":1134,"items_purged":["Strike_R"],"score":355,"play_id":"77bf11d9-6332-4a9d-bab7-bc60c2db1a1a","local_time":"20230601203755","is_ascension_mode":true,"campfire_choices":[{"data":"Blood for Blood","floor":6,"key":"SMITH"},{"data":"True Grit","floor":11,"key":"SMITH"},{"floor":15,"key":"REST"},{"data":"Power Through","floor":23,"key":"SMITH"},{"data":"Spot Weakness","floor":25,"key":"SMITH"},{"data":"Body Slam","floor":28,"key":"SMITH"},{"floor":32,"key":"REST"}],"neow_cost":"NONE","seed_source_timestamp":374702931384900,"circlet_count":0,"master_deck":["Strike_R","Strike_R","Strike_R","Defend_R","Defend_R","Defend_R","Defend_R","Bash","Cleave","True Grit+1","Blood for Blood+1","Thunderclap","Carnage","Inflame","Metallicize","Bloodletting","Reaper","Shrug It Off+1","Power Through+1","Spot Weakness+1","Pommel Strike+1","Body Slam+1","Power Through","Disarm"],"relics":["Burning Blood","Golden Idol","Art of War","Ancient Tea Set","Bag of Marbles","Sozu","Medical Kit","Oddly Smooth Stone","Nilry\u0027s Codex"],"potions_floor_usage":[16,16,18],"damage_taken":[{"damage":3,"enemies":"2 Louse","floor":1,"turns":2},{"damage":5,"enemies":"Jaw Worm","floor":4,"turns":3},{"damage":0,"enemies":"Small Slimes","floor":5,"turns":3},{"damage":21,"enemies":"3 Sentries","floor":12,"turns":6},{"damage":1,"enemies":"Blue Slaver","floor":13,"turns":3},{"damage":24,"enemies":"Lagavulin","floor":14,"turns":5},{"damage":18,"enemies":"Slime Boss","floor":16,"turns":8},{"damage":24,"enemies":"Spheric Guardian","floor":18,"turns":4},{"damage":21,"enemies":"2 Thieves","floor":21,"turns":5},{"damage":5,"enemies":"Centurion and Healer","floor":24,"turns":4},{"damage":8,"enemies":"Chosen and Byrds","floor":27,"turns":6},{"damage":18,"enemies":"Shelled Parasite and Fungi","floor":30,"turns":5},{"damage":6,"enemies":"Book of Stabbing","floor":31,"turns":4},{"damage":0,"enemies":"Automaton","floor":33,"turns":4}],"seed_played":"5142117819440794713","potions_obtained":[{"floor":1,"key":"Weak Potion"},{"floor":14,"key":"Block Potion"},{"floor":16,"key":"EssenceOfSteel"}],"is_trial":false,"path_per_floor":["M","$","?","M","M","R","?","$","T","?","R","E","M","E","R","B",null,"M","$","?","M","?","R","M","R","T","M","R","?","M","E","R","B"],"character_chosen":"IRONCLAD","basemod:card_modifiers":[null,null,null,null,null,null,null,null,null,null,null,null,null,null,null,null,null,null,null,null,null,null,null,null],"items_purchased":["Blood for Blood","Thunderclap","Inflame","Power Through","Medical Kit"],"campfire_rested":2,"item_purchase_floors":[2,2,8,19,19],"current_hp_per_floor":[75,75,64,65,71,71,71,71,71,64,64,49,54,36,58,46,67,49,49,49,42,42,42,43,43,43,51,51,35,23,23,45,45],"gold":146,"neow_bonus":"THREE_CARDS","is_prod":false,"is_daily":false,"chose_seed":false,"campfire_upgraded":5,"win_rate":0,"timestamp":1685666275,"path_taken":["M","$","?","M","M","R","?","$","T","?","R","E","M","E","R","BOSS","M","$","?","M","?","R","M","R","T","?","R","?","M","E","R","BOSS"],"build_version":"2022-12-18","purchased_purges":1,"victory":false,"max_hp_per_floor":[80,80,80,80,80,80,74,74,74,74,74,74,74,74,74,74,74,74,74,74,74,74,74,74,74,74,74,74,74,74,74,74,74],"card_choices":[{"not_picked":["Inflame","Thunderclap"],"picked":"Cleave","floor":0},{"not_picked":["Dual Wield","Armaments"],"picked":"True Grit","floor":1},{"not_picked":["Metallicize","Pommel Strike"],"picked":"Carnage","floor":4},{"not_picked":["Wild Strike","Thunderclap","Heavy Blade"],"picked":"SKIP","floor":5},{"not_picked":["Iron Wave","Rupture"],"picked":"Metallicize","floor":12},{"not_picked":["Rampage","Headbutt","Sentinel"],"picked":"SKIP","floor":13},{"not_picked":["Headbutt","Havoc"],"picked":"Bloodletting","floor":14},{"not_picked":["Demon Form","Brutality"],"picked":"Reaper","floor":16},{"not_picked":["Ghostly Armor+1","Shockwave"],"picked":"Shrug It Off+1","floor":18},{"not_picked":["Dark Embrace","Rampage"],"picked":"Spot Weakness","floor":21},{"not_picked":["Thunderclap","Whirlwind"],"picked":"Pommel Strike+1","floor":24},{"not_picked":["Entrench+1","True Grit+1"],"picked":"Body Slam","floor":27},{"not_picked":["Fire Breathing+1","Searing Blow"],"picked":"Power Through","floor":30},{"not_picked":["Sword Boomerang","Bludgeon"],"picked":"Disarm","floor":31}],"player_experience":1434532,"relics_obtained":[{"floor":9,"key":"Art of War"},{"floor":12,"key":"Ancient Tea Set"},{"floor":14,"key":"Bag of Marbles"},{"floor":26,"key":"Oddly Smooth Stone"},{"floor":29,"key":"Nilry\u0027s Codex"}],"event_choices":[{"damage_healed":0,"gold_gain":75,"player_choice":"Gather Gold","damage_taken":11,"max_hp_gain":0,"max_hp_loss":0,"event_name":"World of Goop","floor":3,"gold_loss":0},{"damage_healed":0,"gold_gain":0,"player_choice":"Lose Max HP","damage_taken":0,"relics_obtained":["Golden Idol"],"max_hp_gain":0,"max_hp_loss":6,"event_name":"Golden Idol","floor":7,"gold_loss":0},{"cards_removed":["Strike_R"],"damage_healed":0,"gold_gain":0,"player_choice":"Card Removal","damage_taken":7,"max_hp_gain":0,"max_hp_loss":0,"event_name":"Golden Wing","floor":10,"gold_loss":0},{"damage_healed":0,"gold_gain":0,"player_choice":"Ignored","damage_taken":0,"max_hp_gain":0,"max_hp_loss":0,"event_name":"WeMeetAgain","floor":20,"gold_loss":0},{"cards_removed":["Shrug It Off"],"damage_healed":0,"gold_gain":0,"player_choice":"Give","damage_taken":0,"max_hp_gain":0,"max_hp_loss":0,"event_name":"betterNote:BetterNote","floor":22,"gold_loss":0,"cards_obtained":["DrifterMod:Strike"]},{"damage_healed":0,"gold_gain":0,"player_choice":"Obtained Book","damage_taken":16,"max_hp_gain":0,"max_hp_loss":0,"event_name":"Cursed Tome","floor":29,"gold_loss":0}],"is_beta":false,"boss_relics":[{"not_picked":["Fusion Hammer","Calling Bell"],"picked":"Sozu"}],"items_purged_floors":[8],"is_endless":false,"potions_floor_spawned":[1,14,16,21,24,27],"killed_by":"Automaton","ascension_level":6}