{"gold_per_floor":[116,129,140,59,79,79,112,112,162,162,179,179,213,213,213,318,318,338,349,6,22,22,53,53,53,53,82,102,122,154,170],"floor_reached":31,"playtime":1407,"items_purged":["Strike_R"],"score":399,"play_id":"673e3e52-a3ca-476a-97ae-045c5256e3be","local_time":"20230601201849","is_ascension_mode":true,"campfire_choices":[{"data":"Pommel Strike","floor":6,"key":"SMITH"},{"data":"Rage","floor":8,"key":"SMITH"},{"floor":12,"key":"REST"},{"floor":15,"key":"REST"},{"data":"Apotheosis","floor":25,"key":"SMITH"}],"neow_cost":"NONE","seed_source_timestamp":373282271292500,"circlet_count":0,"master_deck":["Strike_R","Strike_R","Strike_R","Defend_R","Defend_R","Defend_R","Defend_R","Bash","Brutality","Cleave","True Grit","Inflame","Pommel Strike+1","Rage+1","Ghostly Armor","Offering","Reaper","Feed","Feel No Pain","Apotheosis+1","Shockwave","Second Wind","Rage+1","Power Through+1","Twin Strike"],"relics":["Burning Blood","HornCleat","Vajra","Akabeko","Philosopher\u0027s Stone","Boot","Mercury Hourglass","Pantograph","CaptainsWheel"],"potions_floor_usage":[2,23,27],"damage_taken":[{"damage":15,"enemies":"Cultist","floor":1,"turns":5},{"damage":9,"enemies":"Small Slimes","floor":2,"turns":2},{"damage":3,"enemies":"2 Louse","floor":3,"turns":3},{"damage":14,"enemies":"2 Fungi Beasts","floor":5,"turns":4},{"damage":39,"enemies":"3 Sentries","floor":7,"turns":8},{"damage":5,"enemies":"Large Slime","floor":11,"turns":5},{"damage":17,"enemies":"Gremlin Nob","floor":13,"turns":4},{"damage":54,"enemies":"Slime Boss","floor":16,"turns":12},{"damage":10,"enemies":"3 Byrds","floor":18,"turns":5},{"damage":8,"enemies":"Spheric Guardian","floor":19,"turns":3},{"damage":10,"enemies":"Snake Plant","floor":21,"turns":4},{"damage":37,"enemies":"Slavers","floor":23,"turns":6},{"damage":60,"enemies":"Book of Stabbing","floor":27,"turns":7},{"damage":8,"enemies":"3 Cultists","floor":28,"turns":4},{"damage":10,"enemies":"Centurion and Healer","floor":29,"turns":7},{"damage":35,"enemies":"Gremlin Leader","floor":30,"turns":7},{"damage":20,"enemies":"Shelled Parasite and Fungi","floor":31,"turns":6}],"seed_played":"3143661749591003921","potions_obtained":[{"floor":1,"key":"AttackPotion"},{"floor":2,"key":"Ancient Potion"},{"floor":3,"key":"Fruit Juice"},{"floor":5,"key":"ElixirPotion"},{"floor":23,"key":"SpeedPotion"},{"floor":27,"key":"FairyPotion"}],"is_trial":false,"path_per_floor":["M","M","M","$","M","R","E","R","T","?","M","R","E","?","R","B",null,"M","M","$","M","$","E","?","R","T","E","M","M","E","M"],"character_chosen":"IRONCLAD","basemod:card_modifiers":[null,null,null,null,null,null,null,null,null,null,null,null,null,null,null,null,null,null,null,null,null,null,null,null,null],"items_purchased":["Inflame","Apotheosis","Shockwave"],"campfire_rested":2,"item_purchase_floors":[4,20,20],"current_hp_per_floor":[63,60,63,63,55,55,22,22,22,22,23,47,36,36,60,24,66,71,72,72,68,68,65,65,65,65,24,44,78,65,51],"gold":170,"neow_bonus":"ONE_RANDOM_RARE_CARD","is_prod":false,"is_daily":false,"chose_seed":false,"campfire_upgraded":3,"win_rate":0,"timestamp":1685665129,"path_taken":["M","M","?","$","M","R","E","R","T","?","M","R","E","?","R","BOSS","M","M","$","M","$","E","?","R","T","E","M","M","E","M"],"build_version":"2022-12-18","purchased_purges":1,"victory":false,"max_hp_per_floor":[80,80,80,80,80,80,80,80,80,80,80,80,80,80,80,80,80,83,86,86,86,86,90,90,90,90,90,94,94,94,94],"card_choices":[{"not_picked":["Uppercut","Armaments"],"picked":"Cleave","floor":1},{"not_picked":["Cleave","Armaments"],"picked":"True Grit","floor":2},{"not_picked":["Combust","Wild Strike","Sword Boomerang"],"picked":"SKIP","floor":3},{"not_picked":["Cleave","Iron Wave"],"picked":"Pommel Strike","floor":5},{"not_picked":["Anger","Demon Form"],"picked":"Rage","floor":7},{"not_picked":["Thunderclap","Armaments"],"picked":"Ghostly Armor","floor":11},{"not_picked":["Clothesline","Heavy Blade"],"picked":"Offering","floor":13},{"not_picked":["Juggernaut","Berserk"],"picked":"Feed","floor":16},{"not_picked":["Headbutt","Fire Breathing"],"picked":"Feel No Pain","floor":18},{"not_picked":["Battle Trance+1","Bloodletting+1","Metallicize"],"picked":"SKIP","floor":19},{"not_picked":["Metallicize","Havoc"],"picked":"Second Wind","floor":21},{"not_picked":["Rampage","Combust","Perfected Strike"],"picked":"SKIP","floor":23},{"not_picked":["Headbutt+1","Sever Soul","Perfected Strike+1"],"picked":"SKIP","floor":27},{"not_picked":["Armaments","Warcry"],"picked":"Power Through+1","floor":28},{"not_picked":["Second Wind","Headbutt","Twin Strike"],"picked":"SKIP","floor":29},{"not_picked":["Second Wind","Headbutt"],"picked":"Twin Strike","floor":29},{"not_picked":["Intimidate+1","Havoc","Whirlwind"],"picked":"SKIP","floor":30}],"player_experience":1433125,"relics_obtained":[{"floor":7,"key":"HornCleat"},{"floor":9,"key":"Vajra"},{"floor":13,"key":"Akabeko"},{"floor":23,"key":"Boot"},{"floor":26,"key":"Mercury Hourglass"},{"floor":27,"key":"Pantograph"},{"floor":30,"key":"CaptainsWheel"}],"event_choices":[{"damage_healed":0,"gold_gain":0,"player_choice":"Ignored","damage_taken":0,"max_hp_gain":0,"max_hp_loss":0,"event_name":"Shining Light","floor":10,"gold_loss":0},{"damage_healed":0,"gold_gain":0,"cards_transformed":["Strike_R"],"player_choice":"Change","damage_taken":0,"max_hp_gain":0,"max_hp_loss":0,"event_name":"Living Wall","floor":14,"gold_loss":0,"cards_obtained":["Reaper"]},{"damage_healed":0,"gold_gain":0,"player_choice":"Copied","damage_taken":0,"max_hp_gain":0,"max_hp_loss":0,"event_name":"Duplicator","floor":24,"gold_loss":0,"cards_obtained":["Rage"]}],"is_beta":false,"boss_relics":[{"not_picked":["Runic Dome","Ectoplasm"],"picked":"Philosopher\u0027s Stone"}],"items_purged_floors":[20],"is_endless":false,"potions_floor_spawned":[1,2,3,5,23,27,30,31],"killed_by":"Shelled Parasite and Fungi","ascension_level":6}