{"gold_per_floor":[99,99,99,99,99,99,99,99,99,99,99,99,99,84,84,84,84,39,39,39,39,39,39,39],"floor_reached":24,"playtime":858,"items_purged":[],"score":297,"play_id":"041b4099-42a7-43da-816e-74014b776380","local_time":"20221216172232","is_ascension_mode":true,"campfire_choices":[{"data":"Alpha","floor":6.0,"key":"SMITH"},{"data":"Eruption","floor":13.0,"key":"SMITH"},{"data":"Conclude","floor":15.0,"key":"SMITH"},{"floor":23,"key":"REST"}],"neow_cost":"NONE","seed_source_timestamp":17812024032200,"circlet_count":0,"master_deck":["Strike_P","Strike_P","Strike_P","Strike_P","Defend_P","Defend_P","Defend_P","Eruption+1","Vigilance","ClearTheMind","Consecrate","ReachHeaven","Alpha+1","Evaluate","Evaluate","Halt","Conclude+1","Omniscience","FearNoEvil+1","Blasphemy","Fasting2+1"],"special_seed":0,"relics":["Ectoplasm","Pen Nib","Frozen Egg 2","StoneCalendar","Busted Crown"],"potions_floor_usage":[21],"damage_taken":[{"damage":0.0,"enemies":"Small Slimes","floor":1.0,"turns":2.0},{"damage":0.0,"enemies":"Cultist","floor":3.0,"turns":3.0},{"damage":1.0,"enemies":"Jaw Worm","floor":4.0,"turns":3.0},{"damage":0.0,"enemies":"Red Slaver","floor":5.0,"turns":3.0},{"damage":0.0,"enemies":"Lagavulin","floor":8.0,"turns":5.0},{"damage":13.0,"enemies":"Exordium Thugs","floor":10.0,"turns":4.0},{"damage":9.0,"enemies":"Gremlin Nob","floor":11.0,"turns":3.0},{"damage":5.0,"enemies":"Exordium Wildlife","floor":12.0,"turns":3.0},{"damage":0.0,"enemies":"Looter","floor":14.0,"turns":2.0},{"damage":0.0,"enemies":"Slime Boss","floor":16.0,"turns":4.0},{"damage":21.0,"enemies":"2 Thieves","floor":18.0,"turns":3.0},{"damage":22,"enemies":"3 Byrds","floor":21,"turns":3},{"damage":59,"enemies":"Slavers","floor":24,"turns":4}],"seed_played":"6928631794577910767","potions_obtained":[{"floor":4.0,"key":"LiquidBronze"},{"floor":10.0,"key":"Weak Potion"},{"floor":11.0,"key":"PowerPotion"},{"floor":14.0,"key":"SteroidPotion"}],"is_trial":false,"path_per_floor":["M","?","M","M","M","R","?","E","T","M","E","M","R","M","R","B",null,"M","?","$","M","$","R","E"],"character_chosen":"WATCHER","items_purchased":[],"campfire_rested":1,"item_purchase_floors":[],"current_hp_per_floor":[72,72,72,71,71,71,71,71,71,58,49,44,44,44,44,44,72,51,51,51,29,29,50,0],"gold":39,"neow_bonus":"BOSS_RELIC","is_prod":false,"is_daily":false,"chose_seed":false,"campfire_upgraded":3,"win_rate":0,"timestamp":1671229352,"path_taken":["M","?","M","M","?","R","?","E","T","M","E","?","R","M","R","BOSS","M","?","$","M","$","R","E"],"build_version":"2022-12-01","purchased_purges":0,"victory":false,"max_hp_per_floor":[72,72,72,72,72,72,72,72,72,72,72,72,72,72,72,72,72,72,72,72,72,72,72,72],"card_choices":[{"not_picked":["Prostrate","EmptyBody"],"picked":"ClearTheMind","floor":1.0},{"not_picked":["Pray","CrushJoints"],"picked":"Consecrate","floor":3.0},{"not_picked":["CutThroughFate","Crescendo"],"picked":"ReachHeaven","floor":4.0},{"not_picked":["ClearTheMind","FollowUp"],"picked":"Alpha","floor":5.0},{"not_picked":["MasterReality","EmptyBody"],"picked":"Evaluate","floor":8.0},{"not_picked":["WaveOfTheHand","PathToVictory"],"picked":"Evaluate","floor":10.0},{"not_picked":["Consecrate","WaveOfTheHand"],"picked":"Halt","floor":11.0},{"not_picked":["Consecrate","EmptyFist","FlyingSleeves"],"picked":"SKIP","floor":12.0},{"not_picked":["LikeWater+1","JustLucky"],"picked":"Conclude","floor":14.0},{"not_picked":["Ragnarok","Brilliance"],"picked":"Omniscience","floor":16.0},{"not_picked":[],"picked":"FearNoEvil+1","floor":18.0},{"not_picked":[],"picked":"Fasting2+1","floor":21}],"player_experience":1389279,"relics_obtained":[{"floor":8.0,"key":"Pen Nib"},{"floor":9.0,"key":"Frozen Egg 2"},{"floor":11.0,"key":"StoneCalendar"}],"event_choices":[{"cards_removed":["Defend_P"],"damage_healed":0.0,"max_hp_gain":0.0,"max_hp_loss":0.0,"gold_gain":0.0,"event_name":"Bonfire Elementals","player_choice":"Offered Basic","floor":2.0,"gold_loss":0.0,"damage_taken":0.0},{"damage_healed":0.0,"max_hp_gain":0.0,"max_hp_loss":0.0,"gold_gain":0.0,"event_name":"Match and Keep!","player_choice":"0 cards matched","floor":7.0,"gold_loss":0.0,"damage_taken":0.0,"cards_obtained":[]},{"damage_healed":0.0,"max_hp_gain":0.0,"max_hp_loss":0.0,"gold_gain":0.0,"event_name":"betterNote:BetterNote","player_choice":"Take","floor":19.0,"gold_loss":0.0,"damage_taken":0.0,"cards_obtained":["Blasphemy"]}],"is_beta":false,"boss_relics":[{"not_picked":["Runic Dome","Coffee Dripper"],"picked":"Busted Crown"}],"items_purged_floors":[],"is_endless":false,"potions_floor_spawned":[4,10,11,14],"killed_by":"Slavers","ascension_level":1}