{"gold_per_floor":[119,119,130,148,160,160,190,209,283,297,307,6,6,6,6,105,105,115,115,126,137,154,154,1,1,75,75,107,124,136,149,149,247,247,261,261,261,136,146,146,226,243,243,269,269,295,295,322,322,322],"floor_reached":50,"playtime":2330,"items_purged":["Strike_P","Defend_P","Defend_P"],"score":554,"play_id":"ae82b5fd-fb5d-4e3d-80f9-8a1fe94d3630","local_time":"20230102021225","is_ascension_mode":false,"campfire_choices":[{"data":"Eruption","floor":6,"key":"SMITH"},{"data":"Prostrate","floor":13,"key":"SMITH"},{"floor":15,"key":"REST"},{"data":"Meditate","floor":23,"key":"SMITH"},{"data":"ThirdEye","floor":25,"key":"SMITH"},{"floor":32,"key":"REST"},{"data":"Blasphemy","floor":40,"key":"SMITH"},{"floor":47,"key":"REST"},{"floor":49,"key":"REST"}],"neow_cost":"NONE","seed_source_timestamp":36489053597900,"circlet_count":0,"master_deck":["Strike_P","Strike_P","Defend_P","Defend_P","Eruption+1","Vigilance","ReachHeaven","Crescendo+1","JustLucky","EmptyFist+1","MentalFortress","FlurryOfBlows+1","SandsOfTime","Consecrate","Protect","Prostrate+1","DeusExMachina","EmptyFist","FearNoEvil","Meditate+1","ThirdEye+1","FlurryOfBlows","Worship","Blasphemy+1","EmptyBody+1","Impatience","FollowUp+1","Parasite","ClearTheMind+1","Halt","Evaluate+1"],"relics":["PureWater","NeowsBlessing","Vajra","Letter Opener","HandDrill","SacredBark","Pear","Enchiridion","Calipers","VioletLotus","Mummified Hand","Mercury Hourglass","Nunchaku","Frozen Egg 2","Art of War"],"potions_floor_usage":[5,16,20,28,33,33,42,44,50],"damage_taken":[{"damage":0,"enemies":"Small Slimes","floor":1,"turns":1},{"damage":0,"enemies":"Cultist","floor":3,"turns":1},{"damage":0,"enemies":"2 Louse","floor":4,"turns":1},{"damage":3,"enemies":"Lots of Slimes","floor":5,"turns":5},{"damage":12,"enemies":"3 Sentries","floor":7,"turns":4},{"damage":3,"enemies":"Gremlin Gang","floor":8,"turns":3},{"damage":17,"enemies":"Exordium Wildlife","floor":10,"turns":3},{"damage":0,"enemies":"Large Slime","floor":11,"turns":2},{"damage":16,"enemies":"Hexaghost","floor":16,"turns":5},{"damage":8,"enemies":"2 Thieves","floor":18,"turns":4},{"damage":0,"enemies":"3 Byrds","floor":20,"turns":3},{"damage":0,"enemies":"Cultist and Chosen","floor":21,"turns":3},{"damage":21,"enemies":"Snake Plant","floor":22,"turns":2},{"damage":7,"enemies":"Gremlin Leader","floor":28,"turns":4},{"damage":0,"enemies":"Centurion and Healer","floor":29,"turns":3},{"damage":6,"enemies":"Shelled Parasite and Fungi","floor":30,"turns":2},{"damage":7,"enemies":"3 Cultists","floor":31,"turns":3},{"damage":28,"enemies":"Collector","floor":33,"turns":4},{"damage":18,"enemies":"3 Shapes","floor":35,"turns":4},{"damage":2,"enemies":"Orb Walker","floor":39,"turns":4},{"damage":3,"enemies":"Writhing Mass","floor":42,"turns":3},{"damage":24,"enemies":"Reptomancer","floor":44,"turns":5},{"damage":29,"enemies":"Nemesis","floor":46,"turns":5},{"damage":12,"enemies":"Giant Head","floor":48,"turns":7},{"damage":113,"enemies":"Time Eater","floor":50,"turns":4}],"seed_played":"-7082820540422283602","potions_obtained":[{"floor":1,"key":"Ambrosia"},{"floor":3,"key":"Fire Potion"},{"floor":4,"key":"StancePotion"},{"floor":16,"key":"SpeedPotion"},{"floor":18,"key":"LiquidMemories"},{"floor":29,"key":"PowerPotion"},{"floor":31,"key":"EssenceOfSteel"},{"floor":33,"key":"FairyPotion"},{"floor":39,"key":"GamblersBrew"},{"floor":42,"key":"BlessingOfTheForge"}],"is_trial":false,"path_per_floor":["M","?","M","M","M","R","E","M","T","M","M","$","R","?","R","B",null,"M","?","M","M","M","R","$","R","T","?","E","M","M","M","R","B",null,"M","?","?","$","M","R","T","M","T","E","?","E","R","E","R","B"],"character_chosen":"WATCHER","items_purchased":["Protect","HandDrill","Prostrate","ThirdEye"],"campfire_rested":4,"item_purchase_floors":[12,12,12,24],"current_hp_per_floor":[72,72,72,72,69,69,57,54,54,37,37,37,37,23,44,28,72,64,64,64,64,43,43,43,43,53,37,30,30,24,17,41,13,82,64,64,64,64,62,62,62,59,59,35,35,6,30,18,42,0],"gold":322,"neow_bonus":"THREE_ENEMY_KILL","is_prod":false,"is_daily":false,"chose_seed":false,"campfire_upgraded":5,"win_rate":0,"timestamp":1672643545,"path_taken":["M","?","M","M","M","R","E","M","T","M","M","?","R","?","R","BOSS","M","?","?","?","M","R","$","R","T","?","E","M","M","M","R","BOSS","M","?","?","$","M","R","?","M","T","E","?","E","R","E","R","BOSS"],"build_version":"2022-12-18","purchased_purges":3,"victory":false,"max_hp_per_floor":[72,72,72,72,72,72,72,72,72,72,72,72,72,72,72,72,72,72,72,72,72,72,72,72,72,82,82,82,82,82,82,82,82,82,82,82,82,82,82,82,82,82,82,82,82,82,82,82,82,82],"card_choices":[{"not_picked":["PathToVictory","Nirvana"],"picked":"ReachHeaven","floor":1},{"not_picked":["WreathOfFlame","Pray"],"picked":"Crescendo","floor":3},{"not_picked":["CarveReality","Meditate"],"picked":"JustLucky","floor":4},{"not_picked":["EmptyBody","Crescendo"],"picked":"EmptyFist","floor":5},{"not_picked":["SashWhip","Establishment"],"picked":"MentalFortress","floor":7},{"not_picked":["BowlingBash","Prostrate"],"picked":"FlurryOfBlows","floor":8},{"not_picked":["Evaluate","Crescendo"],"picked":"SandsOfTime","floor":10},{"not_picked":["WindmillStrike","Fasting2"],"picked":"Consecrate","floor":11},{"not_picked":["ConjureBlade","SpiritShield"],"picked":"DeusExMachina","floor":16},{"not_picked":["CrushJoints","TalkToTheHand"],"picked":"EmptyFist","floor":18},{"not_picked":["SashWhip","CrushJoints+1","Protect+1"],"picked":"SKIP","floor":20},{"not_picked":["SashWhip","CrushJoints+1"],"picked":"FearNoEvil","floor":21},{"not_picked":["Ragnarok","PathToVictory"],"picked":"Meditate","floor":22},{"not_picked":["Consecrate","PathToVictory","Protect"],"picked":"SKIP","floor":28},{"not_picked":["Collect+1","EmptyBody","ForeignInfluence+1"],"picked":"SKIP","floor":29},{"not_picked":["ThirdEye","Crescendo+1"],"picked":"FlurryOfBlows","floor":30},{"not_picked":["Prostrate","ThirdEye+1"],"picked":"Worship","floor":31},{"not_picked":["Ragnarok","Devotion"],"picked":"Blasphemy","floor":33},{"not_picked":["CutThroughFate","Protect"],"picked":"EmptyBody+1","floor":35},{"not_picked":["Forethought","Enlightenment"],"picked":"Impatience","floor":36},{"not_picked":["ForeignInfluence","Consecrate"],"picked":"FollowUp+1","floor":39},{"not_picked":["Prostrate+1","Collect+1"],"picked":"ClearTheMind+1","floor":42},{"not_picked":["WreathOfFlame+1","Collect"],"picked":"Halt","floor":44},{"not_picked":["WaveOfTheHand","SashWhip+1"],"picked":"Evaluate+1","floor":46},{"not_picked":["WheelKick+1","Prostrate","CrushJoints"],"picked":"SKIP","floor":48}],"player_experience":956268,"relics_obtained":[{"floor":7,"key":"Vajra"},{"floor":9,"key":"Letter Opener"},{"floor":26,"key":"Pear"},{"floor":27,"key":"Enchiridion"},{"floor":28,"key":"Calipers"},{"floor":41,"key":"Mummified Hand"},{"floor":43,"key":"Mercury Hourglass"},{"floor":44,"key":"Nunchaku"},{"floor":46,"key":"Frozen Egg 2"},{"floor":48,"key":"Art of War"}],"event_choices":[{"damage_healed":0,"gold_gain":0,"player_choice":"Full Heal","damage_taken":0,"max_hp_gain":0,"max_hp_loss":0,"event_name":"Wheel of Change","floor":2,"gold_loss":0},{"damage_healed":0,"gold_gain":0,"player_choice":"Entered Light","damage_taken":14,"max_hp_gain":0,"max_hp_loss":0,"event_name":"Shining Light","floor":14,"gold_loss":0,"cards_upgraded":["FlurryOfBlows","EmptyFist"]},{"damage_healed":0,"gold_gain":0,"player_choice":"Upgraded","damage_taken":0,"max_hp_gain":0,"max_hp_loss":0,"event_name":"Upgrade Shrine","floor":19,"gold_loss":0,"cards_upgraded":["Crescendo"]},{"damage_healed":0,"gold_gain":0,"player_choice":"Obtained Book","damage_taken":16,"max_hp_gain":0,"max_hp_loss":0,"event_name":"Cursed Tome","floor":27,"gold_loss":0},{"damage_healed":0,"gold_gain":0,"player_choice":"Memory 1","damage_taken":0,"max_hp_gain":0,"max_hp_loss":0,"event_name":"SensoryStone","floor":36,"gold_loss":0},{"damage_healed":0,"gold_gain":0,"player_choice":"Ignored","damage_taken":0,"max_hp_gain":0,"max_hp_loss":0,"event_name":"Tomb of Lord Red Mask","floor":37,"gold_loss":0},{"cards_removed":["Strike_P"],"damage_healed":0,"gold_gain":0,"player_choice":"Purged","damage_taken":0,"max_hp_gain":0,"max_hp_loss":0,"event_name":"Purifier","floor":45,"gold_loss":0}],"is_beta":false,"boss_relics":[{"not_picked":["Snecko Eye","Runic Dome"],"picked":"SacredBark"},{"not_picked":["Coffee Dripper","Tiny House"],"picked":"VioletLotus"}],"items_purged_floors":[12,24,38],"is_endless":false,"potions_floor_spawned":[1,3,4,16,18,29,31,33,39,42],"killed_by":"Time Eater","ascension_level":0}