{"gold_per_floor":[110,126,9,21,39,39,39,39,39,39,53,70,83,83,83,187,187,205,51,62,75,75,75,1,1,27,27],"floor_reached":27,"playtime":1151,"items_purged":["Impatience"],"score":355,"play_id":"aafc4dca-00ed-4306-bd68-59cb7ba5fed0","local_time":"20230111215555","is_ascension_mode":false,"campfire_choices":[{"data":"bad_watcher:Surge","floor":6,"key":"SMITH"},{"data":"Blasphemy","floor":8,"key":"SMITH"},{"data":"Weave","floor":10,"key":"SMITH"},{"floor":15,"key":"REST"},{"data":"bad_watcher:Disturbance","floor":23,"key":"SMITH"},{"data":"Eruption","floor":25,"key":"SMITH"}],"neow_cost":"","seed_source_timestamp":67513602400599,"circlet_count":0,"master_deck":["Strike_P","Strike_P","Strike_P","Defend_P","Defend_P","Defend_P","Eruption+1","Vigilance","bad_watcher:Reach","bad_watcher:Fade","Weave+1","bad_watcher:Disturbance","ClearTheMind","CutThroughFate","PanicButton","bad_watcher:Disturbance+1","Wireheading","bad_watcher:Coordinate","ReachHeaven","bad_watcher:Surge+1","Blasphemy+1","EmptyBody","PathToVictory","SpiritShield","FlyingSleeves+1","bad_watcher:Flare","bad_watcher:Coordinate","bad_spire:debilitate+1","bad_watcher:Anatomy"],"relics":["HolyWater","moreChoices:MoreCardChoices","Mercury Hourglass","Calipers","Vajra"],"potions_floor_usage":[13,16,16,18,20],"damage_taken":[{"damage":6,"enemies":"Jaw Worm","floor":1,"turns":3},{"damage":0,"enemies":"Cultist","floor":2,"turns":3},{"damage":7,"enemies":"2 Louse","floor":4,"turns":2},{"damage":11,"enemies":"Red Slaver","floor":5,"turns":3},{"damage":19,"enemies":"Blue Slaver","floor":11,"turns":3},{"damage":7,"enemies":"Looter","floor":12,"turns":3},{"damage":0,"enemies":"Exordium Thugs","floor":13,"turns":2},{"damage":0,"enemies":"Slime Boss","floor":16,"turns":5},{"damage":0,"enemies":"3 Byrds","floor":18,"turns":4},{"damage":10,"enemies":"2 Thieves","floor":20,"turns":3},{"damage":21,"enemies":"Snake Plant","floor":21,"turns":4},{"damage":43,"enemies":"Slavers","floor":27,"turns":4}],"seed_played":"-13356290186307283","potions_obtained":[{"floor":1,"key":"Ancient Potion"},{"floor":12,"key":"SkillPotion"},{"floor":13,"key":"DistilledChaos"},{"floor":16,"key":"Block Potion"},{"floor":18,"key":"AttackPotion"}],"is_trial":false,"path_per_floor":["M","M","$","M","M","R","?","R","T","R","M","M","M","T","R","B",null,"M","$","M","M","?","R","$","R","T","E"],"character_chosen":"WATCHER","items_purchased":["Weave","bad_watcher:Disturbance","ClearTheMind","Wireheading","bad_watcher:Coordinate","bad_watcher:Flare","bad_watcher:Anatomy"],"campfire_rested":1,"item_purchase_floors":[0,0,0,3,3,19,24],"current_hp_per_floor":[57,57,57,50,39,39,39,39,39,39,20,13,13,13,34,34,72,72,72,62,41,41,41,41,41,41,0],"gold":27,"neow_bonus":"","is_prod":false,"is_daily":false,"chose_seed":false,"campfire_upgraded":5,"win_rate":0,"timestamp":1673492155,"path_taken":["M","M","$","M","M","R","?","R","T","R","M","?","M","?","R","BOSS","M","$","M","M","?","R","$","R","T","E"],"build_version":"2022-12-18","purchased_purges":1,"victory":false,"max_hp_per_floor":[72,72,72,72,72,72,72,72,72,72,72,72,72,72,72,72,72,72,72,72,72,72,72,72,72,72,72],"card_choices":[{"not_picked":["DeceiveReality","FlyingSleeves","bad_watcher:Chip","Meditate"],"picked":"CutThroughFate","floor":1},{"not_picked":["bad_spire:deadweight","The Bomb","bad_spire:disleg","Dramatic Entrance"],"picked":"PanicButton","floor":1},{"not_picked":["SashWhip","Consecrate","WheelKick","bad_watcher:Heat"],"picked":"bad_watcher:Disturbance","floor":2},{"not_picked":["Purity","bad_spire:optics","bad_spire:fish_game","Bandage Up","Enlightenment"],"picked":"SKIP","floor":2},{"not_picked":["bad_watcher:Heat","Sanctity","Meditate","bad_watcher:HeavySmite"],"picked":"ReachHeaven","floor":4},{"not_picked":["bad_watcher:HeavySmite","ClearTheMind","bad_watcher:Coordinate","Judgement"],"picked":"bad_watcher:Surge","floor":5},{"not_picked":["bad_spire:king","bad_spire:backthought","bad_spire:descent","bad_spire:roll"],"picked":"Impatience","floor":5},{"not_picked":["Prostrate","bad_watcher:Chip","WindmillStrike","bad_watcher:Contract"],"picked":"EmptyBody","floor":11},{"not_picked":["bad_spire:banana","Mayhem","Madness","bad_spire:deadweight","bad_spire:slots"],"picked":"SKIP","floor":11},{"not_picked":["bad_watcher:Heat","FlurryOfBlows","SashWhip","bad_watcher:Frenzy"],"picked":"PathToVictory","floor":12},{"not_picked":["bad_watcher:Heat","bad_watcher:Chip","FlyingSleeves","Wireheading","BowlingBash"],"picked":"SKIP","floor":13},{"not_picked":["Blasphemy","Omniscience","bad_watcher:PhoenixForm","Alpha"],"picked":"SpiritShield","floor":16},{"not_picked":["JustLucky","Adaptation+1","Consecrate","Perseverance"],"picked":"FlyingSleeves+1","floor":18},{"not_picked":["Mayhem","bad_spire:solution","PanicButton","bad_spire:photocopy","bad_spire:uncertainty"],"picked":"SKIP","floor":18},{"not_picked":["FlyingSleeves+1","bad_watcher:Chip","EmptyBody","Tantrum"],"picked":"bad_watcher:Coordinate","floor":20},{"not_picked":["bad_spire:touch","The Bomb","bad_spire:acid","bad_spire:disleg","Magnetism"],"picked":"SKIP","floor":20},{"not_picked":["Madness","bad_spire:roll","bad_spire:spring","bad_spire:acid"],"picked":"bad_spire:debilitate","floor":21},{"not_picked":["CutThroughFate","FlurryOfBlows","bad_watcher:Contract+1","Evaluate","MentalFortress+1"],"picked":"SKIP","floor":21}],"player_experience":980515,"relics_obtained":[{"floor":9,"key":"Mercury Hourglass"},{"floor":14,"key":"Calipers"},{"floor":26,"key":"Vajra"}],"event_choices":[{"damage_healed":0,"gold_gain":0,"player_choice":"1 cards matched","damage_taken":0,"max_hp_gain":0,"max_hp_loss":0,"event_name":"Match and Keep!","floor":7,"gold_loss":0,"cards_obtained":["Blasphemy"]},{"damage_healed":0,"gold_gain":0,"player_choice":"Upgraded","damage_taken":0,"max_hp_gain":0,"max_hp_loss":0,"event_name":"Upgrade Shrine","floor":22,"gold_loss":0,"cards_upgraded":["bad_spire:debilitate"]}],"is_beta":false,"boss_relics":[{"not_picked":["SacredBark","Philosopher\u0027s Stone"],"picked":"HolyWater"}],"items_purged_floors":[19],"is_endless":false,"potions_floor_spawned":[1,12,13,16,18],"killed_by":"Slavers","ascension_level":0}