{"gold_per_floor":[117,132,145,162,162,162,196,196,244,270,282,282,297,52,52,128,128,148,148,128,141,141,141,175,186,186,202,234,247,247,261,261,336,336,353,364,364,364,382,417,434,445,445,472,277,290,304,321,321,321,321],"floor_reached":51,"playtime":2775,"items_purged":["SashWhip","Violence"],"score":1655,"play_id":"77a3ca83-579c-4e2e-8d31-68e38f18c39e","local_time":"20230118133320","is_ascension_mode":true,"campfire_choices":[{"data":"SignatureMove","floor":6.0,"key":"SMITH"},{"data":"PathToVictory","floor":8.0,"key":"SMITH"},{"data":"PathToVictory","floor":15.0,"key":"SMITH"},{"data":"Vault","floor":23.0,"key":"SMITH"},{"data":"Blasphemy","floor":30.0,"key":"SMITH"},{"data":"Worship","floor":32.0,"key":"SMITH"},{"floor":49,"key":"REST"}],"neow_cost":"NONE","seed_source_timestamp":220536075475600,"circlet_count":0,"master_deck":["PanicButton","PathToVictory+1","SignatureMove+1","PathToVictory+1","PanicButton","FollowUp","bad_spire:disleg","Vault+1","Worship+1","Necronomicurse","FollowUp","FollowUp+1","Blasphemy+1","ICR:HungryGhost+1","Madness","Madness","PathToVictory+1","Finesse","Nirvana","bad_spire:peace","PathToVictory+1"],"special_seed":0,"relics":["PureWater","bad_spire:bottle","PreservedInsect","Blood Vial","Membership Card","Black Star","Necronomicon","Bottled Lightning","The Courier","Molten Egg 2","Bag of Preparation","bad_spire:looking_glass","Fusion Hammer","Ancient Tea Set","Bottled Flame","Ginger","MealTicket","Juzu Bracelet","Ornamental Fan"],"potions_floor_usage":[41,46,47,50,50],"damage_taken":[{"damage":0.0,"enemies":"Cultist","floor":1.0,"turns":1.0},{"damage":26.0,"enemies":"Jaw Worm","floor":2.0,"turns":6.0},{"damage":0.0,"enemies":"2 Louse","floor":3.0,"turns":3.0},{"damage":8.0,"enemies":"Looter","floor":4.0,"turns":3.0},{"damage":0.0,"enemies":"Lagavulin","floor":7.0,"turns":2.0},{"damage":7.0,"enemies":"3 Sentries","floor":10.0,"turns":4.0},{"damage":0.0,"enemies":"Red Slaver","floor":11.0,"turns":1.0},{"damage":0.0,"enemies":"Large Slime","floor":13.0,"turns":2.0},{"damage":18.0,"enemies":"Slime Boss","floor":16.0,"turns":6.0},{"damage":0.0,"enemies":"Spheric Guardian","floor":18.0,"turns":4.0},{"damage":0.0,"enemies":"Shell Parasite","floor":21.0,"turns":1.0},{"damage":8.0,"enemies":"Slavers","floor":24.0,"turns":4.0},{"damage":0.0,"enemies":"Snake Plant","floor":25.0,"turns":1.0},{"damage":6.0,"enemies":"Shelled Parasite and Fungi","floor":27.0,"turns":3.0},{"damage":0.0,"enemies":"Book of Stabbing","floor":28.0,"turns":2.0},{"damage":0.0,"enemies":"3 Cultists","floor":29.0,"turns":4.0},{"damage":0.0,"enemies":"Snake Plant","floor":31.0,"turns":2.0},{"damage":5.0,"enemies":"Collector","floor":33.0,"turns":4.0},{"damage":0.0,"enemies":"Orb Walker","floor":35.0,"turns":1.0},{"damage":0.0,"enemies":"3 Darklings","floor":36.0,"turns":5.0},{"damage":18.0,"enemies":"4 Shapes","floor":39.0,"turns":4.0},{"damage":0.0,"enemies":"Nemesis","floor":40.0,"turns":1.0},{"damage":5,"enemies":"Maw","floor":41,"turns":4},{"damage":22,"enemies":"3 Darklings","floor":42,"turns":4},{"damage":45,"enemies":"Reptomancer","floor":44,"turns":5},{"damage":0,"enemies":"Writhing Mass","floor":46,"turns":2},{"damage":5,"enemies":"Transient","floor":47,"turns":6},{"damage":11,"enemies":"4 Shapes","floor":48,"turns":4},{"damage":74,"enemies":"Donu and Deca","floor":50,"turns":8},{"damage":36,"enemies":"Time Eater","floor":51,"turns":2}],"seed_played":"-2513934005920767684","potions_obtained":[{"floor":1.0,"key":"LiquidBronze"},{"floor":2.0,"key":"Energy Potion"},{"floor":10.0,"key":"Explosive Potion"},{"floor":11.0,"key":"SpeedPotion"},{"floor":13.0,"key":"Fruit Juice"},{"floor":16.0,"key":"ColorlessPotion"},{"floor":18.0,"key":"Energy Potion"},{"floor":20.0,"key":"AttackPotion"},{"floor":25.0,"key":"LiquidBronze"},{"floor":39.0,"key":"DistilledChaos"},{"floor":42,"key":"SteroidPotion"},{"floor":46,"key":"ColorlessPotion"},{"floor":47,"key":"Ancient Potion"}],"is_trial":false,"path_per_floor":["M","M","M","M","?","R","E","R","T","E","M","?","M","$","R","B",null,"M","?","?","M","?","R","E","M","T","M","E","M","R","M","R","B",null,"M","M","?","?","M","E","M","M","T","E","$","M","M","M","R","B","B"],"character_chosen":"WATCHER","items_purchased":["Membership Card","bad_spire:disleg","Nirvana","Ornamental Fan"],"campfire_rested":1,"item_purchase_floors":[14,14,45,45],"current_hp_per_floor":[61,35,35,27,49,49,49,49,49,42,44,44,46,46,51,35,64,66,45,45,47,47,47,41,43,43,39,41,43,43,45,45,42,65,73,73,60,65,55,57,68,51,51,13,28,30,45,48,69,9,0],"gold":321,"neow_bonus":"WATCHER_MONK","is_prod":false,"is_daily":false,"chose_seed":false,"campfire_upgraded":6,"win_rate":0,"timestamp":1674066800,"path_taken":["M","M","M","?","?","R","E","R","T","E","M","?","M","$","R","BOSS","M","?","?","?","?","R","E","M","T","M","E","M","R","M","R","BOSS","M","M","?","?","M","E","M","?","T","E","$","M","M","M","R","BOSS","BOSS"],"build_version":"2022-12-18","purchased_purges":2,"victory":false,"max_hp_per_floor":[68,68,68,68,68,68,68,68,68,68,68,68,68,68,73,73,73,73,73,73,73,73,73,73,73,73,73,73,73,73,73,73,73,73,73,73,73,73,73,73,73,73,73,73,73,73,73,73,73,73,73],"card_choices":[{"not_picked":["EmptyBody","WreathOfFlame"],"picked":"SashWhip","floor":1.0},{"not_picked":["bad_spire:optics","bad_spire:roll"],"picked":"PanicButton","floor":1.0},{"not_picked":["MentalFortress","EmptyBody"],"picked":"PathToVictory","floor":2.0},{"not_picked":["Indignation","EmptyMind"],"picked":"Halt","floor":3.0},{"not_picked":["Crescendo","EmptyFist"],"picked":"SignatureMove","floor":4.0},{"not_picked":["JustLucky","CrushJoints"],"picked":"PathToVictory","floor":7.0},{"not_picked":["DeusExMachina","WaveOfTheHand"],"picked":"Indignation","floor":10.0},{"not_picked":["Bandage Up","bad_spire:king"],"picked":"PanicButton","floor":10.0},{"not_picked":["Study","SashWhip"],"picked":"FollowUp","floor":11.0},{"not_picked":["ForeignInfluence","Halt","Protect"],"picked":"SKIP","floor":13.0},{"not_picked":["Alpha","DevaForm"],"picked":"Vault","floor":16.0},{"not_picked":["Conclude","Collect+1"],"picked":"Worship","floor":18.0},{"not_picked":["ICR:YinYang+1","Protect","Consecrate"],"picked":"SKIP","floor":21.0},{"not_picked":["ClearTheMind","ThirdEye"],"picked":"FollowUp","floor":24.0},{"not_picked":["Blind","bad_spire:orbit"],"picked":"Violence","floor":25.0},{"not_picked":["Protect","FlurryOfBlows","WaveOfTheHand"],"picked":"SKIP","floor":25.0},{"not_picked":["SandsOfTime+1","BowlingBash+1"],"picked":"FollowUp+1","floor":27.0},{"not_picked":["Crescendo","Meditate"],"picked":"Blasphemy","floor":28.0},{"not_picked":["bad_spire:gastrulation","Mayhem","bad_spire:orbit"],"picked":"SKIP","floor":28.0},{"not_picked":["ThirdEye","TalkToTheHand+1","Crescendo"],"picked":"SKIP","floor":29.0},{"not_picked":["Prostrate","Protect","ThirdEye"],"picked":"SKIP","floor":31.0},{"not_picked":["bad_spire:backthought","Swift Strike+1","bad_spire:die+1"],"picked":"SKIP","floor":31.0},{"not_picked":["DevaForm","Wish"],"picked":"ICR:HungryGhost+1","floor":33.0},{"not_picked":["FlyingSleeves+1","Evaluate","EmptyBody+1"],"picked":"SKIP","floor":35.0},{"not_picked":["Consecrate+1","Halt","BowlingBash+1"],"picked":"SKIP","floor":36.0},{"not_picked":["bad_spire:disleg","Jack Of All Trades","bad_spire:mirror"],"picked":"SKIP","floor":36.0},{"not_picked":["Protect","CutThroughFate+1","EmptyBody"],"picked":"SKIP","floor":39.0},{"not_picked":["bad_spire:tickbox+1","HandOfGreed+1","bad_spire:backthought"],"picked":"SKIP","floor":39.0},{"not_picked":["CutThroughFate+1","SignatureMove+1","EmptyBody"],"picked":"SKIP","floor":40.0},{"not_picked":["bad_spire:acid","bad_spire:orbit","Dramatic Entrance+1"],"picked":"SKIP","floor":40.0},{"not_picked":["Prostrate","SashWhip+1"],"picked":"PathToVictory+1","floor":41},{"not_picked":["bad_spire:king","Deep Breath"],"picked":"Finesse","floor":41},{"not_picked":["ReachHeaven+1","Wireheading","FearNoEvil+1"],"picked":"SKIP","floor":42},{"not_picked":["Trip","bad_spire:spring","bad_spire:banana"],"picked":"SKIP","floor":42},{"not_picked":["FollowUp+1","Halt+1","Wireheading+1"],"picked":"SKIP","floor":44},{"not_picked":["bad_spire:uncertainty","Panache","bad_spire:gastrulation"],"picked":"SKIP","floor":44},{"not_picked":["Finesse","bad_spire:conjure"],"picked":"bad_spire:peace","floor":46},{"not_picked":["Evaluate","FollowUp+1","Swivel+1"],"picked":"SKIP","floor":46},{"not_picked":["Crescendo+1","FlurryOfBlows+1","CrushJoints+1"],"picked":"SKIP","floor":47},{"not_picked":["bad_spire:mirror","bad_spire:queen","bad_spire:uncertainty"],"picked":"SKIP","floor":47},{"not_picked":["CutThroughFate+1","Halt"],"picked":"PathToVictory+1","floor":48}],"player_experience":1135825,"relics_obtained":[{"floor":7.0,"key":"bad_spire:bottle"},{"floor":9.0,"key":"PreservedInsect"},{"floor":10.0,"key":"Blood Vial"},{"floor":19.0,"key":"Necronomicon"},{"floor":24.0,"key":"Bottled Lightning"},{"floor":24.0,"key":"The Courier"},{"floor":26.0,"key":"Molten Egg 2"},{"floor":28.0,"key":"Bag of Preparation"},{"floor":28.0,"key":"bad_spire:looking_glass"},{"floor":40.0,"key":"Ancient Tea Set"},{"floor":40.0,"key":"Bottled Flame"},{"floor":43,"key":"Ginger"},{"floor":44,"key":"MealTicket"},{"floor":44,"key":"Juzu Bracelet"}],"event_choices":[{"damage_healed":22.0,"max_hp_gain":0.0,"max_hp_loss":0.0,"gold_gain":0.0,"event_name":"Big Fish","player_choice":"Banana","floor":5.0,"gold_loss":0.0,"damage_taken":0.0},{"damage_healed":0.0,"max_hp_gain":0.0,"max_hp_loss":0.0,"gold_gain":0.0,"event_name":"betterThird:BetterSerpent","player_choice":"Ignored","floor":12.0,"gold_loss":0.0,"damage_taken":282.0},{"damage_healed":0.0,"max_hp_gain":0.0,"max_hp_loss":0.0,"gold_gain":0.0,"event_name":"Cursed Tome","player_choice":"Obtained Book","floor":19.0,"gold_loss":0.0,"damage_taken":21.0},{"damage_healed":0.0,"max_hp_gain":0.0,"max_hp_loss":0.0,"gold_gain":0.0,"event_name":"The Woman in Blue","player_choice":"Bought 1 Potion","floor":20.0,"gold_loss":0.0,"damage_taken":0.0},{"cards_removed":["Indignation"],"damage_healed":0.0,"max_hp_gain":0.0,"max_hp_loss":0.0,"gold_gain":0.0,"event_name":"betterThird:BetterWriting","player_choice":"Elegance","floor":22.0,"gold_loss":0.0,"damage_taken":0.0},{"damage_healed":0.0,"max_hp_gain":0.0,"max_hp_loss":0.0,"gold_gain":0.0,"event_name":"Winding Halls","player_choice":"Embrace Madness","floor":37.0,"gold_loss":0.0,"damage_taken":13.0,"cards_obtained":["Madness","Madness"]},{"cards_removed":["Halt"],"damage_healed":5.0,"max_hp_gain":0.0,"max_hp_loss":0.0,"gold_gain":0.0,"event_name":"Bonfire Elementals","player_choice":"Offered Common","floor":38.0,"gold_loss":0.0,"damage_taken":0.0},{"cards_removed":["Halt"],"damage_healed":5.0,"max_hp_gain":0.0,"max_hp_loss":0.0,"gold_gain":0.0,"event_name":"Bonfire Elementals","player_choice":"Offered Special","floor":38.0,"gold_loss":0.0,"damage_taken":0.0}],"is_beta":false,"boss_relics":[{"not_picked":["Cursed Key","Busted Crown"],"picked":"Black Star"},{"not_picked":["Philosopher\u0027s Stone","Coffee Dripper"],"picked":"Fusion Hammer"}],"items_purged_floors":[14,45],"is_endless":false,"potions_floor_spawned":[1,2,10,11,13,16,18,25,27,39,40,42,46,47],"killed_by":"Time Eater","ascension_level":20}