{"gold_per_floor":[113,125,39,39,56,56,381,381,381,399,399],"floor_reached":11,"playtime":510,"items_purged":[],"score":146,"play_id":"7908f4bb-30b1-4e3d-b29f-0941920ebc6b","local_time":"20230118120802","is_ascension_mode":true,"campfire_choices":[{"data":"Eruption","floor":6,"key":"SMITH"}],"neow_cost":"NONE","seed_source_timestamp":217745246507100,"circlet_count":0,"master_deck":["AscendersBane","Eruption+1","Vigilance","ICR:DragonStrike","ICR:DragonStrike","ICR:DragonStrike","ICR:DragonStrike","ICR:CraneWing","ICR:CraneWing","ICR:CraneWing","ICR:CraneWing","LikeWater","InnerPeace","Secret Weapon","Adaptation","Wallop","LikeWater","FearNoEvil"],"relics":["PureWater","Old Coin","Golden Idol","Eternal Feather"],"potions_floor_usage":[5],"damage_taken":[{"damage":19,"enemies":"Small Slimes","floor":1,"turns":2},{"damage":5,"enemies":"2 Louse","floor":2,"turns":4},{"damage":2,"enemies":"Jaw Worm","floor":5,"turns":2},{"damage":10,"enemies":"3 Sentries","floor":7,"turns":11},{"damage":3,"enemies":"Looter","floor":10,"turns":4},{"damage":104,"enemies":"Gremlin Nob","floor":11,"turns":4}],"seed_played":"4022785732036479855","potions_obtained":[{"floor":2,"key":"Fire Potion"},{"floor":5,"key":"bad_spire:modern"}],"is_trial":false,"path_per_floor":["M","M","$","?","M","R","E","?","T","M","E"],"character_chosen":"WATCHER","items_purchased":["Adaptation"],"campfire_rested":0,"item_purchase_floors":[3],"current_hp_per_floor":[42,37,37,37,35,35,25,25,25,22,0],"gold":399,"neow_bonus":"WATCHER_MONK","is_prod":false,"is_daily":false,"chose_seed":false,"campfire_upgraded":1,"win_rate":0,"timestamp":1674061682,"path_taken":["M","M","$","?","M","R","E","?","T","M","E"],"build_version":"2022-12-18","purchased_purges":0,"victory":false,"max_hp_per_floor":[68,68,68,68,68,68,68,62,62,62,62],"card_choices":[{"not_picked":["Study","Halt"],"picked":"LikeWater","floor":1},{"not_picked":["Conclude","Protect"],"picked":"InnerPeace","floor":2},{"not_picked":["bad_spire:queen","Panacea"],"picked":"Secret Weapon","floor":2},{"not_picked":["Evaluate","WindmillStrike"],"picked":"Wallop","floor":5},{"not_picked":["FollowUp","SandsOfTime"],"picked":"LikeWater","floor":7},{"not_picked":["DeceiveReality","Vengeance"],"picked":"FearNoEvil","floor":10}],"player_experience":1133109,"relics_obtained":[{"floor":7,"key":"Old Coin"},{"floor":9,"key":"Eternal Feather"}],"event_choices":[{"damage_healed":0,"gold_gain":0,"player_choice":"Ignored","damage_taken":39,"max_hp_gain":0,"max_hp_loss":0,"event_name":"betterThird:BetterSerpent","floor":4,"gold_loss":0},{"damage_healed":0,"gold_gain":0,"player_choice":"Lose Max HP","damage_taken":0,"relics_obtained":["Golden Idol"],"max_hp_gain":0,"max_hp_loss":6,"event_name":"Golden Idol","floor":8,"gold_loss":0}],"is_beta":false,"boss_relics":[],"items_purged_floors":[],"is_endless":false,"potions_floor_spawned":[2,5],"killed_by":"Gremlin Nob","ascension_level":20}