{"gold_per_floor":[14,33,51,61,78,110,9,44,44,71,91,69,69,86,86,86],"floor_reached":16,"playtime":680,"items_purged":["Strike_P"],"score":221,"play_id":"9b868e28-dc16-4208-acbd-624d1257400c","local_time":"20230119194107","is_ascension_mode":true,"campfire_choices":[{"floor":15,"key":"REST"}],"neow_cost":"NO_GOLD","seed_source_timestamp":102771181976100,"circlet_count":0,"master_deck":["AscendersBane","Strike_P","Strike_P","Strike_P","Defend_P","Defend_P","Eruption","Vigilance","FlurryOfBlows","CutThroughFate","Protect","FlurryOfBlows","Vengeance","MentalFortress","CutThroughFate","FlurryOfBlows","Evaluate","EmptyBody"],"relics":["PureWater","Unceasing Top","Omamori","reliquary:ToyRocket","MealTicket","Odd Mushroom"],"potions_floor_usage":[5,6,11,14],"damage_taken":[{"damage":6,"enemies":"Small Slimes","floor":1,"turns":3},{"damage":0,"enemies":"2 Louse","floor":2,"turns":1},{"damage":0,"enemies":"Cultist","floor":3,"turns":2},{"damage":6,"enemies":"Exordium Wildlife","floor":4,"turns":3},{"damage":0,"enemies":"Large Slime","floor":5,"turns":4},{"damage":15,"enemies":"Lagavulin","floor":6,"turns":7},{"damage":23,"enemies":"3 Sentries","floor":8,"turns":7},{"damage":0,"enemies":"Gremlin Nob","floor":10,"turns":2},{"damage":0,"enemies":"The Mushroom Lair","floor":11,"turns":2},{"damage":0,"enemies":"2 Fungi Beasts","floor":14,"turns":4},{"damage":36,"enemies":"Hexaghost","floor":16,"turns":2}],"seed_played":"908631764057338192","potions_obtained":[{"floor":3,"key":"Fire Potion"},{"floor":5,"key":"Weak Potion"},{"floor":10,"key":"DistilledChaos"},{"floor":11,"key":"EssenceOfSteel"}],"is_trial":false,"path_per_floor":["M","M","M","M","M","E","$","E","T","E","?","?","?","M","R","B"],"character_chosen":"WATCHER","items_purchased":["CutThroughFate"],"campfire_rested":1,"item_purchase_floors":[7],"current_hp_per_floor":[59,59,59,53,53,38,38,15,15,15,15,15,15,15,36,0],"gold":86,"neow_bonus":"REMOVE_TWO","is_prod":false,"is_daily":false,"chose_seed":false,"campfire_upgraded":0,"win_rate":0,"timestamp":1674175267,"path_taken":["M","M","M","M","M","E","$","E","T","E","?","?","?","M","R","BOSS"],"build_version":"2022-12-18","purchased_purges":1,"victory":false,"max_hp_per_floor":[72,72,72,72,72,72,72,72,72,72,72,72,72,72,72,72],"card_choices":[{"not_picked":["SashWhip","WaveOfTheHand"],"picked":"FlurryOfBlows","floor":1},{"not_picked":["FlyingSleeves","ThirdEye"],"picked":"CutThroughFate","floor":2},{"not_picked":["Worship","Crescendo"],"picked":"Protect","floor":3},{"not_picked":["Protect","ClearTheMind"],"picked":"FlurryOfBlows","floor":4},{"not_picked":["Omniscience","Halt"],"picked":"Vengeance","floor":5},{"not_picked":["CutThroughFate","JustLucky"],"picked":"MentalFortress","floor":6},{"not_picked":["BowlingBash","WreathOfFlame"],"picked":"FlurryOfBlows","floor":8},{"not_picked":["Study","CrushJoints"],"picked":"Evaluate","floor":10},{"not_picked":["WindmillStrike","ThirdEye"],"picked":"EmptyBody","floor":11},{"not_picked":["Vengeance","ConjureBlade","Prostrate"],"picked":"SKIP","floor":14}],"player_experience":1123121,"relics_obtained":[{"floor":6,"key":"Unceasing Top"},{"floor":8,"key":"Omamori"},{"floor":9,"key":"reliquary:ToyRocket"},{"floor":10,"key":"MealTicket"},{"floor":11,"key":"Odd Mushroom"}],"event_choices":[{"damage_healed":0,"gold_gain":0,"player_choice":"Fought Mushrooms","damage_taken":0,"max_hp_gain":0,"max_hp_loss":0,"event_name":"Mushrooms","floor":11,"gold_loss":0},{"damage_healed":0,"gold_gain":0,"player_choice":"Left Gold","damage_taken":0,"max_hp_gain":0,"max_hp_loss":0,"event_name":"World of Goop","floor":12,"gold_loss":22},{"damage_healed":0,"gold_gain":0,"player_choice":"Ignored","damage_taken":0,"max_hp_gain":0,"max_hp_loss":0,"event_name":"Golden Wing","floor":13,"gold_loss":0}],"is_beta":false,"boss_relics":[],"items_purged_floors":[7],"is_endless":false,"potions_floor_spawned":[3,5,10,11],"killed_by":"Hexaghost","ascension_level":10}