{"gold_per_floor":[109,11,22,33,33,48,48,81,104,122,140,140,156,166,166,267,267,282,293,42,57,71,71,71,86,86,102,112,112,132,143,143,239,239,257,275,290,93,93,93,119,119,168,18,52,52,52,69,69,69],"floor_reached":51,"playtime":3196,"items_purged":["Defend_P","Defend_P","Strike_P","Strike_P"],"score":692,"play_id":"9548182a-5559-4ad5-81c5-ff1c897f0c7e","local_time":"20230122010510","is_ascension_mode":false,"campfire_choices":[{"data":"Adaptation","floor":7,"key":"SMITH"},{"data":"Eruption","floor":12,"key":"SMITH"},{"data":"Adaptation","floor":15,"key":"SMITH"},{"floor":23,"key":"REST"},{"floor":32,"key":"REST"},{"data":"Enlightenment","floor":40,"key":"SMITH"},{"data":"Devotion","floor":42,"key":"SMITH"},{"floor":46,"key":"REST"},{"floor":49,"key":"REST"}],"neow_cost":"NONE","seed_source_timestamp":292463834510700,"circlet_count":0,"master_deck":["Strike_P","Defend_P","Defend_P+1","Eruption+1","Vigilance","EmptyFist","ThirdEye","CutThroughFate","Prostrate","Scrawl+1","Adaptation+1","Tantrum","MentalFortress","Consecrate","Adaptation+1","ReachHeaven","Judgement","EmptyFist","Devotion+1","CarveReality","ThirdEye","Prostrate+1","ThirdEye","CutThroughFate+1","Establishment","SandsOfTime","Prostrate","Worship","Enlightenment+1","Madness","Madness"],"relics":["PureWater","MealTicket","Centennial Puzzle","Runic Pyramid","TheAbacus","CaptainsWheel","Philosopher\u0027s Stone","Bag of Marbles","War Paint","Orichalcum"],"potions_floor_usage":[8,31,33,35,41],"damage_taken":[{"damage":1,"enemies":"Jaw Worm","floor":1,"turns":3},{"damage":0,"enemies":"Cultist","floor":3,"turns":3},{"damage":0,"enemies":"Small Slimes","floor":4,"turns":4},{"damage":1,"enemies":"Exordium Wildlife","floor":6,"turns":6},{"damage":13,"enemies":"Lagavulin","floor":8,"turns":6},{"damage":0,"enemies":"2 Fungi Beasts","floor":10,"turns":3},{"damage":0,"enemies":"Exordium Thugs","floor":11,"turns":3},{"damage":0,"enemies":"Red Slaver","floor":13,"turns":2},{"damage":0,"enemies":"2 Fungi Beasts","floor":14,"turns":4},{"damage":18,"enemies":"The Guardian","floor":16,"turns":9},{"damage":7,"enemies":"Chosen","floor":18,"turns":2},{"damage":12,"enemies":"Shell Parasite","floor":19,"turns":3},{"damage":30,"enemies":"Snake Plant","floor":21,"turns":4},{"damage":21,"enemies":"Centurion and Healer","floor":22,"turns":4},{"damage":5,"enemies":"Sentry and Sphere","floor":25,"turns":3},{"damage":21,"enemies":"Snake Plant","floor":27,"turns":3},{"damage":2,"enemies":"3 Cultists","floor":28,"turns":5},{"damage":5,"enemies":"Chosen and Byrds","floor":30,"turns":5},{"damage":26,"enemies":"Snake Plant","floor":31,"turns":5},{"damage":19,"enemies":"Collector","floor":33,"turns":7},{"damage":7,"enemies":"3 Darklings","floor":35,"turns":4},{"damage":4,"enemies":"3 Shapes","floor":36,"turns":4},{"damage":13,"enemies":"Spire Growth","floor":37,"turns":4},{"damage":16,"enemies":"Nemesis","floor":41,"turns":5},{"damage":36,"enemies":"Reptomancer","floor":45,"turns":4},{"damage":0,"enemies":"Transient","floor":48,"turns":5},{"damage":35,"enemies":"Time Eater","floor":50,"turns":9}],"seed_played":"-1260904023322954027","potions_obtained":[{"floor":4,"key":"LiquidMemories"},{"floor":13,"key":"FairyPotion"},{"floor":14,"key":"CultistPotion"},{"floor":16,"key":"SneckoOil"},{"floor":33,"key":"StancePotion"},{"floor":37,"key":"SkillPotion"},{"floor":48,"key":"StancePotion"}],"is_trial":false,"path_per_floor":["M","$","M","M","?","M","R","E","T","M","M","R","M","M","R","B",null,"M","M","$","M","M","R","?","M","T","M","M","?","M","M","R","B",null,"M","M","M","$","?","R","E","R","T","$","E","R","?","M","R","B",null],"character_chosen":"WATCHER","items_purchased":["CutThroughFate","TheAbacus","Worship"],"campfire_rested":4,"item_purchase_floors":[2,20,38],"current_hp_per_floor":[71,71,71,71,71,70,70,57,57,57,57,57,57,57,57,39,72,65,53,68,38,17,38,38,33,33,12,10,10,5,4,25,6,72,65,61,48,63,63,63,47,47,47,62,26,47,38,38,59,24],"gold":69,"neow_bonus":"THREE_CARDS","is_prod":false,"is_daily":false,"chose_seed":false,"campfire_upgraded":5,"win_rate":0,"timestamp":1674367510,"path_taken":["M","$","M","M","?","M","R","E","T","M","?","R","M","M","R","BOSS","M","M","$","M","M","R","?","M","T","M","M","?","?","M","R","BOSS","M","M","M","?","?","R","E","R","T","$","E","R","?","M","R","BOSS"],"build_version":"2022-12-18","purchased_purges":4,"victory":true,"max_hp_per_floor":[72,72,72,72,72,72,72,72,72,72,72,72,72,72,72,72,72,72,72,72,72,72,72,72,72,72,72,72,72,72,72,72,72,72,72,72,72,72,72,72,72,72,72,72,72,72,72,72,72,72],"card_choices":[{"not_picked":["Vengeance","Prostrate"],"picked":"EmptyFist","floor":0},{"not_picked":["FlurryOfBlows","Crescendo"],"picked":"ThirdEye","floor":1},{"not_picked":["FlurryOfBlows","Crescendo"],"picked":"Prostrate","floor":3},{"not_picked":["EmptyFist","InnerPeace"],"picked":"Scrawl","floor":4},{"not_picked":["CarveReality","Protect"],"picked":"Adaptation","floor":6},{"not_picked":["BowlingBash","EmptyMind"],"picked":"Tantrum","floor":8},{"not_picked":["Conclude","FlurryOfBlows"],"picked":"MentalFortress","floor":10},{"not_picked":["FollowUp","BattleHymn"],"picked":"Consecrate","floor":11},{"not_picked":["CrushJoints","FollowUp"],"picked":"Adaptation","floor":13},{"not_picked":["EmptyBody","FlyingSleeves"],"picked":"ReachHeaven","floor":14},{"not_picked":["Wish","ConjureBlade"],"picked":"Judgement","floor":16},{"not_picked":["EmptyBody","EmptyFist","Consecrate"],"picked":"SKIP","floor":18},{"not_picked":["Collect+1","DeceiveReality"],"picked":"EmptyFist","floor":19},{"not_picked":["JustLucky","CutThroughFate","Collect"],"picked":"SKIP","floor":21},{"not_picked":["Protect+1","FlurryOfBlows"],"picked":"Devotion","floor":22},{"not_picked":["SignatureMove+1","Crescendo+1"],"picked":"ThirdEye","floor":25},{"not_picked":["Nirvana","Collect"],"picked":"Prostrate","floor":27},{"not_picked":["WaveOfTheHand","FlyingSleeves+1","Prostrate"],"picked":"SKIP","floor":28},{"not_picked":["TalkToTheHand","WindmillStrike"],"picked":"ThirdEye","floor":30},{"not_picked":["Consecrate+1","Study+1"],"picked":"CutThroughFate+1","floor":31},{"not_picked":["Wish","SpiritShield"],"picked":"Establishment","floor":33},{"not_picked":["SashWhip+1","WreathOfFlame+1","EmptyFist+1"],"picked":"SKIP","floor":35},{"not_picked":["FearNoEvil+1","MentalFortress+1"],"picked":"SandsOfTime","floor":36},{"not_picked":["EmptyBody","WaveOfTheHand"],"picked":"Prostrate","floor":37},{"not_picked":["Finesse","Mayhem"],"picked":"Enlightenment","floor":39},{"not_picked":["Wish","Scrawl","FlyingSleeves"],"picked":"SKIP","floor":41},{"not_picked":["Worship+1","BowlingBash","Collect"],"picked":"SKIP","floor":45},{"not_picked":["ThirdEye","BowlingBash+1","InnerPeace+1"],"picked":"SKIP","floor":48}],"player_experience":1136309,"relics_obtained":[{"floor":8,"key":"MealTicket"},{"floor":9,"key":"Centennial Puzzle"},{"floor":26,"key":"CaptainsWheel"},{"floor":41,"key":"Bag of Marbles"},{"floor":43,"key":"War Paint"},{"floor":45,"key":"Orichalcum"}],"event_choices":[{"damage_healed":0,"gold_gain":0,"player_choice":"Forge","damage_taken":0,"max_hp_gain":0,"max_hp_loss":0,"event_name":"Accursed Blacksmith","floor":5,"gold_loss":0,"cards_upgraded":["Scrawl"]},{"damage_healed":0,"gold_gain":0,"cards_transformed":["Strike_P"],"player_choice":"Transformed","damage_taken":0,"max_hp_gain":0,"max_hp_loss":0,"event_name":"Transmorgrifier","floor":24,"gold_loss":0,"cards_obtained":["CarveReality"]},{"damage_healed":0,"gold_gain":0,"player_choice":"Ignored","damage_taken":0,"max_hp_gain":0,"max_hp_loss":0,"event_name":"N\u0027loth","floor":29,"gold_loss":0},{"damage_healed":0,"gold_gain":0,"player_choice":"Memory 1","damage_taken":0,"max_hp_gain":0,"max_hp_loss":0,"event_name":"SensoryStone","floor":39,"gold_loss":0},{"damage_healed":0,"gold_gain":0,"player_choice":"Embrace Madness","damage_taken":9,"max_hp_gain":0,"max_hp_loss":0,"event_name":"Winding Halls","floor":47,"gold_loss":0,"cards_obtained":["Madness","Madness"]}],"is_beta":false,"boss_relics":[{"not_picked":["Ectoplasm","Astrolabe"],"picked":"Runic Pyramid"},{"not_picked":["Sozu","Coffee Dripper"],"picked":"Philosopher\u0027s Stone"}],"items_purged_floors":[2,20,38,44],"is_endless":false,"potions_floor_spawned":[4,13,14,16,18,19,22,30,33,37,48],"ascension_level":0}