{"gold_per_floor":[114,126,106,122,135,135,162,162,186,186,213,225,225],"floor_reached":13,"playtime":708,"items_purged":[],"score":190,"play_id":"d597f4f2-27ab-4fac-930e-8496e0eb3a4c","local_time":"20230118122646","is_ascension_mode":true,"campfire_choices":[{"floor":6,"key":"REST"},{"floor":8,"key":"REST"},{"data":"Eruption","floor":10,"key":"SMITH"}],"neow_cost":"NONE","seed_source_timestamp":218671136919200,"circlet_count":0,"master_deck":["AscendersBane","Eruption+1","Vigilance","ICR:DragonStrike","ICR:DragonStrike","ICR:DragonStrike","ICR:DragonStrike","ICR:CraneWing","ICR:CraneWing","ICR:CraneWing","ICR:CraneWing","Meditate","Consecrate","ThirdEye","Thinking Ahead","EmptyBody","CutThroughFate","Devotion","Prostrate"],"relics":["PureWater","Akabeko","Nunchaku","Blood Vial"],"potions_floor_usage":[5,5,7,11],"damage_taken":[{"damage":19,"enemies":"Jaw Worm","floor":1,"turns":2},{"damage":0,"enemies":"Cultist","floor":2,"turns":3},{"damage":0,"enemies":"2 Louse","floor":4,"turns":3},{"damage":39,"enemies":"Gremlin Gang","floor":5,"turns":7},{"damage":12,"enemies":"Lagavulin","floor":7,"turns":6},{"damage":5,"enemies":"3 Sentries","floor":11,"turns":3},{"damage":4,"enemies":"Large Slime","floor":12,"turns":8},{"damage":36,"enemies":"Lagavulin","floor":13,"turns":4}],"seed_played":"2920912355669088616","potions_obtained":[{"floor":2,"key":"SteroidPotion"},{"floor":3,"key":"Weak Potion"},{"floor":5,"key":"SkillPotion"},{"floor":7,"key":"SteroidPotion"},{"floor":12,"key":"bad_spire:modern"}],"is_trial":false,"path_per_floor":["M","M","?","M","M","R","E","R","T","R","E","M","E"],"character_chosen":"WATCHER","items_purchased":[],"campfire_rested":2,"item_purchase_floors":[],"current_hp_per_floor":[42,42,42,42,3,23,11,31,31,31,26,24,0],"gold":225,"neow_bonus":"WATCHER_MONK","is_prod":false,"is_daily":false,"chose_seed":false,"campfire_upgraded":1,"win_rate":0,"timestamp":1674062806,"path_taken":["M","M","?","M","M","R","E","R","T","R","E","M","E"],"build_version":"2022-12-18","purchased_purges":0,"victory":false,"max_hp_per_floor":[68,68,68,68,68,68,68,68,68,68,68,68,68],"card_choices":[{"not_picked":["FollowUp","Prostrate"],"picked":"Meditate","floor":1},{"not_picked":["Study","DeceiveReality"],"picked":"Consecrate","floor":2},{"not_picked":["WreathOfFlame","CarveReality"],"picked":"ThirdEye","floor":4},{"not_picked":["bad_spire:renew","bad_spire:tickbox"],"picked":"Thinking Ahead","floor":4},{"not_picked":["CrushJoints","Protect"],"picked":"EmptyBody","floor":5},{"not_picked":["BowlingBash","ClearTheMind"],"picked":"CutThroughFate","floor":7},{"not_picked":["InnerPeace","WindmillStrike"],"picked":"Devotion","floor":11},{"not_picked":["MentalFortress","SashWhip"],"picked":"Prostrate","floor":12}],"player_experience":1133982,"relics_obtained":[{"floor":7,"key":"Akabeko"},{"floor":9,"key":"Nunchaku"},{"floor":11,"key":"Blood Vial"}],"event_choices":[{"damage_healed":0,"gold_gain":0,"player_choice":"Bought 1 Potion","damage_taken":0,"max_hp_gain":0,"max_hp_loss":0,"event_name":"The Woman in Blue","floor":3,"gold_loss":0}],"is_beta":false,"boss_relics":[],"items_purged_floors":[],"is_endless":false,"potions_floor_spawned":[2,5,7,12],"killed_by":"Lagavulin","ascension_level":20}