{"gold_per_floor":[114,114,129,140,215,246,246,263,263,263,263,279,290,323,323,422,422,433,282,282,282,300,300,334,334,403,434,446,446,460,475,475,573,573,588,108,118,137,148,148,162,162,185,185,205,205,205,231,231,231],"floor_reached":50,"playtime":3311,"items_purged":["Defend_P","Strike_P"],"score":574,"play_id":"64f6892c-0a30-474c-94ac-f04aa2b473c5","local_time":"20230206163600","is_ascension_mode":false,"campfire_choices":[{"floor":7,"key":"REST"},{"data":"Worship","floor":11,"key":"SMITH"},{"data":"Eruption","floor":15,"key":"SMITH"},{"data":"Prostrate","floor":23,"key":"SMITH"},{"data":"Pray","floor":25,"key":"SMITH"},{"data":"ForeignInfluence","floor":29,"key":"SMITH"},{"data":"Establishment","floor":32,"key":"SMITH"},{"data":"MentalFortress","floor":40,"key":"SMITH"},{"data":"Vigilance","floor":42,"key":"SMITH"},{"data":"Protect","floor":44,"key":"SMITH"},{"data":"DeusExMachina","floor":46,"key":"SMITH"},{"data":"EmptyFist","floor":49,"key":"SMITH"}],"neow_cost":"NONE","seed_source_timestamp":42560028760400,"circlet_count":0,"master_deck":["Strike_P","Eruption+1","Vigilance+1","Worship+1","Evaluate+1","FlyingSleeves","ThirdEye","Pray+1","EmptyFist+1","ClearTheMind+1","Conclude","WheelKick+1","Ragnarok+1","WaveOfTheHand+1","Omniscience+1","Vault+1","Sanctity","MentalFortress+1","Prostrate+1","CutThroughFate+1","ForeignInfluence+1","FlurryOfBlows+1","Establishment+1","FearNoEvil+1","DeusExMachina+1","Weave+1","Protect+1","Wallop+1","LikeWater+1","Meditate+1"],"relics":["PureWater","Pen Nib","Thread and Needle","Eternal Feather","Molten Egg 2","Astrolabe","StoneCalendar","Darkstone Periapt","Du-Vu Doll","VioletLotus","Anchor","War Paint","Oddly Smooth Stone","Bag of Preparation"],"potions_floor_usage":[6,12,14,14,33,33,39,39],"damage_taken":[{"damage":1,"enemies":"Jaw Worm","floor":1,"turns":3},{"damage":0,"enemies":"Small Slimes","floor":3,"turns":4},{"damage":0,"enemies":"2 Louse","floor":4,"turns":4},{"damage":40,"enemies":"3 Sentries","floor":6,"turns":14},{"damage":8,"enemies":"Exordium Thugs","floor":8,"turns":3},{"damage":4,"enemies":"Large Slime","floor":12,"turns":4},{"damage":9,"enemies":"Gremlin Gang","floor":13,"turns":4},{"damage":4,"enemies":"Gremlin Nob","floor":14,"turns":3},{"damage":0,"enemies":"The Guardian","floor":16,"turns":10},{"damage":0,"enemies":"3 Byrds","floor":18,"turns":3},{"damage":0,"enemies":"Chosen","floor":22,"turns":4},{"damage":13,"enemies":"Gremlin Leader","floor":24,"turns":7},{"damage":13,"enemies":"Book of Stabbing","floor":27,"turns":4},{"damage":7,"enemies":"Snecko","floor":28,"turns":5},{"damage":0,"enemies":"Snake Plant","floor":30,"turns":3},{"damage":3,"enemies":"Chosen and Byrds","floor":31,"turns":2},{"damage":13,"enemies":"Collector","floor":33,"turns":7},{"damage":12,"enemies":"3 Darklings","floor":35,"turns":4},{"damage":2,"enemies":"Orb Walker","floor":37,"turns":5},{"damage":0,"enemies":"Transient","floor":38,"turns":6},{"damage":0,"enemies":"Spire Growth","floor":39,"turns":3},{"damage":10,"enemies":"Writhing Mass","floor":41,"turns":3},{"damage":0,"enemies":"Sphere and 2 Shapes","floor":45,"turns":4},{"damage":22,"enemies":"Reptomancer","floor":48,"turns":6},{"damage":65,"enemies":"Time Eater","floor":50,"turns":5}],"seed_played":"6039743220819900833","potions_obtained":[{"floor":1,"key":"AttackPotion"},{"floor":4,"key":"SmokeBomb"},{"floor":6,"key":"AttackPotion"},{"floor":8,"key":"StancePotion"},{"floor":13,"key":"DuplicationPotion"},{"floor":27,"key":"AttackPotion"},{"floor":30,"key":"AttackPotion"},{"floor":33,"key":"Strength Potion"},{"floor":38,"key":"Strength Potion"},{"floor":41,"key":"SpeedPotion"},{"floor":48,"key":"BottledMiracle"}],"is_trial":false,"path_per_floor":["M","?","M","M","?","E","R","M","T","?","R","M","M","E","R","B",null,"M","$","?","?","M","R","E","R","T","E","M","R","M","M","R","B",null,"M","$","M","M","M","R","M","R","T","R","M","R","?","E","R","B"],"character_chosen":"WATCHER","items_purchased":["MentalFortress","Weave+1","Anchor","War Paint"],"campfire_rested":1,"item_purchase_floors":[19,36,36,36],"current_hp_per_floor":[71,71,71,71,60,20,41,33,33,57,66,62,53,49,58,58,72,72,72,72,72,72,72,59,71,71,58,51,63,63,60,72,59,72,60,60,58,58,58,72,62,72,72,72,72,72,68,46,64,0],"gold":231,"neow_bonus":"RANDOM_COMMON_RELIC","is_prod":false,"is_daily":false,"chose_seed":false,"campfire_upgraded":11,"win_rate":0,"timestamp":1675719360,"path_taken":["M","?","M","M","?","E","R","M","T","?","R","?","M","E","R","BOSS","M","$","?","?","M","R","E","R","T","E","M","R","M","?","R","BOSS","M","$","M","M","?","R","M","R","T","R","?","R","?","E","R","BOSS"],"build_version":"2022-12-18","purchased_purges":2,"victory":false,"max_hp_per_floor":[72,72,72,72,72,72,72,72,72,72,72,72,72,72,72,72,72,72,72,72,72,72,72,72,72,72,72,72,72,72,72,72,72,72,72,72,72,72,72,72,72,72,72,72,72,72,68,68,68,68],"card_choices":[{"not_picked":["Study","Consecrate"],"picked":"Worship","floor":1},{"not_picked":["Halt","CrushJoints"],"picked":"FlyingSleeves","floor":3},{"not_picked":["WindmillStrike","DeceiveReality"],"picked":"ThirdEye","floor":4},{"not_picked":["Crescendo","Wish"],"picked":"Pray","floor":6},{"not_picked":["FlyingSleeves","BowlingBash"],"picked":"EmptyFist","floor":8},{"not_picked":["EmptyFist","FollowUp"],"picked":"ClearTheMind","floor":12},{"not_picked":["Protect","Halt"],"picked":"Conclude","floor":13},{"not_picked":["Evaluate","ClearTheMind"],"picked":"WheelKick+1","floor":14},{"not_picked":["SpiritShield","DeusExMachina"],"picked":"Ragnarok+1","floor":16},{"not_picked":["ClearTheMind+1","JustLucky+1"],"picked":"Sanctity","floor":18},{"not_picked":["WaveOfTheHand","Consecrate+1"],"picked":"Prostrate","floor":22},{"not_picked":["Worship","SashWhip+1"],"picked":"CutThroughFate+1","floor":24},{"not_picked":["JustLucky+1","Perseverance"],"picked":"ForeignInfluence","floor":27},{"not_picked":["Crescendo","PathToVictory+1"],"picked":"FlurryOfBlows+1","floor":28},{"not_picked":["Meditate","Halt"],"picked":"Establishment","floor":30},{"not_picked":["EmptyMind","FollowUp+1"],"picked":"FearNoEvil+1","floor":31},{"not_picked":["Ragnarok+1","Alpha"],"picked":"DeusExMachina","floor":33},{"not_picked":["Sanctity","WheelKick+1","Evaluate"],"picked":"SKIP","floor":35},{"not_picked":["EmptyBody+1","EmptyFist+1"],"picked":"Protect","floor":37},{"not_picked":["Nirvana","EmptyFist+1"],"picked":"Wallop+1","floor":38},{"not_picked":["Sanctity+1","JustLucky+1","PathToVictory+1"],"picked":"SKIP","floor":39},{"not_picked":["Perseverance+1","SignatureMove+1"],"picked":"LikeWater+1","floor":41},{"not_picked":["BowlingBash+1","EmptyBody+1","ForeignInfluence+1"],"picked":"SKIP","floor":45},{"not_picked":["DeceiveReality","DeusExMachina"],"picked":"Meditate+1","floor":48}],"player_experience":1257827,"relics_obtained":[{"floor":6,"key":"Thread and Needle"},{"floor":9,"key":"Eternal Feather"},{"floor":14,"key":"Molten Egg 2"},{"floor":24,"key":"StoneCalendar"},{"floor":26,"key":"Darkstone Periapt"},{"floor":27,"key":"Du-Vu Doll"},{"floor":43,"key":"Oddly Smooth Stone"},{"floor":48,"key":"Bag of Preparation"}],"event_choices":[{"damage_healed":0,"gold_gain":0,"cards_transformed":["Defend_P"],"player_choice":"Change","damage_taken":0,"max_hp_gain":0,"max_hp_loss":0,"event_name":"Living Wall","floor":2,"gold_loss":0,"cards_obtained":["Evaluate"]},{"damage_healed":0,"gold_gain":75,"player_choice":"Gather Gold","damage_taken":11,"max_hp_gain":0,"max_hp_loss":0,"event_name":"World of Goop","floor":5,"gold_loss":0},{"damage_healed":24,"gold_gain":0,"player_choice":"Banana","damage_taken":0,"max_hp_gain":0,"max_hp_loss":0,"event_name":"Big Fish","floor":10,"gold_loss":0},{"damage_healed":0,"gold_gain":0,"player_choice":"Ignored","damage_taken":0,"max_hp_gain":0,"max_hp_loss":0,"event_name":"betterNote:BetterNote","floor":20,"gold_loss":0,"cards_obtained":["Night Terror"]},{"cards_removed":["Defend_P"],"damage_healed":0,"gold_gain":0,"player_choice":"Purged","damage_taken":0,"max_hp_gain":0,"max_hp_loss":0,"event_name":"Purifier","floor":21,"gold_loss":0},{"damage_healed":0,"gold_gain":0,"player_choice":"Max HP","damage_taken":0,"max_hp_gain":0,"max_hp_loss":4,"event_name":"Winding Halls","floor":47,"gold_loss":0}],"is_beta":false,"boss_relics":[{"not_picked":["Cursed Key","Tiny House"],"picked":"Astrolabe"},{"not_picked":["Pandora\u0027s Box","SacredBark"],"picked":"VioletLotus"}],"items_purged_floors":[19,36],"is_endless":false,"potions_floor_spawned":[1,4,6,8,13,27,30,33,38,41,48],"killed_by":"Time Eater","ascension_level":0}