{"gold_per_floor":[112,126,3,3,18,43,55,80,92,104,116,128,2,36,36,138,138,155,173,123,123,2,2,35,35,35,115,115,134,134,174,174,174],"floor_reached":33,"playtime":1244,"items_purged":["Defend_P"],"score":314,"play_id":"276e6cfd-d968-4ea8-b247-40df2e986f45","local_time":"20230311010853","is_ascension_mode":false,"campfire_choices":[{"data":"Eruption","floor":7,"key":"SMITH"},{"data":"JustLucky","floor":10,"key":"SMITH"},{"floor":12,"key":"REST"},{"floor":15,"key":"REST"},{"data":"Blasphemy","floor":23,"key":"SMITH"},{"data":"Halt","floor":25,"key":"SMITH"},{"data":"LikeWater","floor":28,"key":"SMITH"},{"data":"Halt","floor":30,"key":"SMITH"},{"data":"EmptyFist","floor":32,"key":"SMITH"}],"neow_cost":"NONE","seed_source_timestamp":2066475515327800,"circlet_count":0,"master_deck":["Strike_P","Strike_P","Strike_P+1","Strike_P","Defend_P","Defend_P","Defend_P+1","Eruption+1","Vigilance","ReachHeaven","ClearTheMind","JustLucky+1","FlurryOfBlows","FlurryOfBlows","JustLucky","EmptyBody","LikeWater+1","Consecrate","Indignation","Blasphemy+1","Vengeance","FlurryOfBlows+1","Undo","FlurryOfBlows+1","Halt+1","Halt+1","EmptyFist+1"],"relics":["PureWater","NeowsBlessing","MawBank","Happy Flower","The Courier","Gremlin Horn","Coffee Dripper","DollysMirror","Blood Vial","StrikeDummy","Blue Candle","CeramicFish"],"potions_floor_usage":[6,14,16,18,31,31],"damage_taken":[{"damage":0,"enemies":"Jaw Worm","floor":1,"turns":1},{"damage":0,"enemies":"Small Slimes","floor":2,"turns":1},{"damage":0,"enemies":"2 Louse","floor":5,"turns":1},{"damage":26,"enemies":"3 Sentries","floor":6,"turns":7},{"damage":0,"enemies":"Looter","floor":8,"turns":3},{"damage":14,"enemies":"Gremlin Nob","floor":14,"turns":4},{"damage":10,"enemies":"The Guardian","floor":16,"turns":9},{"damage":0,"enemies":"Spheric Guardian","floor":18,"turns":3},{"damage":9,"enemies":"3 Byrds","floor":19,"turns":5},{"damage":34,"enemies":"Book of Stabbing","floor":24,"turns":5},{"damage":0,"enemies":"Shelled Parasite and Fungi","floor":29,"turns":3},{"damage":16,"enemies":"Slavers","floor":31,"turns":4},{"damage":100003,"enemies":"Champ","floor":33,"turns":6}],"seed_played":"-6633368421544433061","potions_obtained":[{"floor":1,"key":"BottledMiracle"},{"floor":2,"key":"Strength Potion"},{"floor":5,"key":"Dexterity Potion"},{"floor":6,"key":"GamblersBrew"},{"floor":16,"key":"LiquidMemories"},{"floor":24,"key":"EssenceOfSteel"},{"floor":29,"key":"ColorlessPotion"}],"is_trial":false,"path_per_floor":["M","M","$","?","M","E","R","M","T","R","?","R","$","E","R","B",null,"M","M","?","?","$","R","E","R","T","T","R","M","R","E","R","B"],"character_chosen":"WATCHER","basemod:card_modifiers":[null,null,null,null,null,null,null,null,null,null,null,null,null,null,null,null,null,null,null,null,null,null,null,null,null,null,null],"items_purchased":["JustLucky","EmptyBody","LikeWater","Consecrate","DollysMirror"],"campfire_rested":2,"item_purchase_floors":[3,13,13,13,22],"current_hp_per_floor":[72,72,72,58,58,32,32,32,32,32,20,41,41,27,48,38,72,72,63,63,63,63,63,29,29,29,29,29,31,31,17,17,0],"gold":174,"neow_bonus":"THREE_ENEMY_KILL","is_prod":false,"is_daily":false,"chose_seed":false,"campfire_upgraded":7,"win_rate":0,"timestamp":1678514933,"path_taken":["M","M","$","?","M","E","R","M","T","R","?","R","$","E","R","BOSS","M","M","?","?","$","R","E","R","T","?","R","M","R","E","R","BOSS"],"build_version":"2022-12-18","purchased_purges":1,"victory":false,"max_hp_per_floor":[72,72,72,72,72,72,72,72,72,72,72,72,72,72,72,72,72,72,72,72,72,72,72,72,72,72,72,72,72,72,72,72,72],"card_choices":[{"not_picked":["ClearTheMind","Wireheading"],"picked":"ReachHeaven","floor":1},{"not_picked":["SignatureMove","SashWhip"],"picked":"ClearTheMind","floor":2},{"not_picked":["WaveOfTheHand","Consecrate"],"picked":"FlurryOfBlows","floor":5},{"not_picked":["Wallop","FollowUp"],"picked":"FlurryOfBlows","floor":6},{"not_picked":["SashWhip","CrushJoints"],"picked":"JustLucky","floor":8},{"not_picked":["SashWhip","Alpha"],"picked":"Indignation","floor":14},{"not_picked":["SpiritShield","Vault"],"picked":"Blasphemy","floor":16},{"not_picked":["EmptyBody","Wireheading"],"picked":"Vengeance","floor":18},{"not_picked":["InnerPeace","ClearTheMind"],"picked":"FlurryOfBlows+1","floor":19},{"not_picked":["Wireheading","FearNoEvil"],"picked":"Halt","floor":24},{"not_picked":["Conclude","FearNoEvil"],"picked":"Halt","floor":29},{"not_picked":["Crescendo","FollowUp"],"picked":"EmptyFist","floor":31}],"player_experience":1319063,"relics_obtained":[{"floor":6,"key":"MawBank"},{"floor":9,"key":"Happy Flower"},{"floor":14,"key":"Gremlin Horn"},{"floor":24,"key":"Blood Vial"},{"floor":26,"key":"StrikeDummy"},{"floor":27,"key":"Blue Candle"},{"floor":31,"key":"CeramicFish"}],"event_choices":[{"damage_healed":0,"gold_gain":0,"player_choice":"Entered Light","damage_taken":14,"max_hp_gain":0,"max_hp_loss":0,"event_name":"Shining Light","floor":4,"gold_loss":0,"cards_upgraded":["Defend_P","Strike_P"]},{"damage_healed":0,"gold_gain":0,"player_choice":"Success","damage_taken":12,"relics_obtained":["The Courier"],"max_hp_gain":0,"max_hp_loss":0,"event_name":"Scrap Ooze","floor":11,"gold_loss":0},{"damage_healed":0,"gold_gain":0,"player_choice":"Bet on Murderer","damage_taken":0,"max_hp_gain":0,"max_hp_loss":0,"event_name":"The Joust","floor":20,"gold_loss":50},{"cards_removed":["Blasphemy"],"damage_healed":0,"gold_gain":0,"player_choice":"Take \u0026 Give","damage_taken":0,"max_hp_gain":0,"max_hp_loss":0,"event_name":"betterNote:BetterNote","floor":21,"gold_loss":0,"cards_obtained":["Undo"]}],"is_beta":false,"boss_relics":[{"not_picked":["Astrolabe","Philosopher\u0027s Stone"],"picked":"Coffee Dripper"}],"items_purged_floors":[3],"is_endless":false,"potions_floor_spawned":[1,2,5,6,16,24,29],"killed_by":"Champ","ascension_level":0}