{"gold_per_floor":[114,19,19,30,45,45,45,45,45,61,86,102,102,114,114,219,219,229,239,15,34,47,47,73,73,73,92,121,121,133,150,150,246,246,266,284,296,128,148,148,178,178,230,230,230,265,315,330,330,330],"floor_reached":51,"playtime":2883,"items_purged":["Defend_P","LessonLearned"],"score":801,"play_id":"e2ff1636-c70f-4059-ad55-d76b5416ec05","local_time":"20230311015953","is_ascension_mode":false,"campfire_choices":[{"data":"Eruption","floor":6.0,"key":"SMITH"},{"data":"Halt","floor":8.0,"key":"SMITH"},{"data":"Vault","floor":13.0,"key":"SMITH"},{"data":"FollowUp","floor":15.0,"key":"SMITH"},{"data":"Crescendo","floor":23.0,"key":"SMITH"},{"floor":29.0,"key":"REST"},{"floor":32.0,"key":"REST"},{"data":"TalkToTheHand","floor":40,"key":"SMITH"},{"data":"Ragnarok","floor":42,"key":"SMITH"},{"floor":49,"key":"REST"}],"neow_cost":"NONE","seed_source_timestamp":2067731674001700,"circlet_count":0,"master_deck":["Eruption+1","Vigilance","Crescendo+1","Halt+1","FlurryOfBlows","Halt","FollowUp","CutThroughFate","Vault+1","FollowUp+1","Judgement","Protect","Meditate","Adaptation+1","Blasphemy","ThirdEye+1","Tantrum+1","ClearTheMind+1","SandsOfTime","FearNoEvil","FlurryOfBlows","Ragnarok+1","Indignation","ThirdEye","EmptyBody+1","TalkToTheHand+1","Madness","Madness","TalkToTheHand+1"],"special_seed":0,"relics":["PureWater","NeowsBlessing","Ginger","Bronze Scales","Runic Dome","ClockworkSouvenir","HornCleat","Nunchaku","Bag of Preparation","Pandora\u0027s Box","Orichalcum","Happy Flower","Strawberry","Dead Branch"],"potions_floor_usage":[37,41,49,50,50,50],"damage_taken":[{"damage":0.0,"enemies":"Cultist","floor":1.0,"turns":1.0},{"damage":0.0,"enemies":"Jaw Worm","floor":4.0,"turns":1.0},{"damage":0.0,"enemies":"Small Slimes","floor":5.0,"turns":1.0},{"damage":0.0,"enemies":"Looter","floor":10.0,"turns":1.0},{"damage":1.0,"enemies":"3 Sentries","floor":11.0,"turns":6.0},{"damage":0.0,"enemies":"Red Slaver","floor":12.0,"turns":2.0},{"damage":12.0,"enemies":"Large Slime","floor":14.0,"turns":3.0},{"damage":0.0,"enemies":"Slime Boss","floor":16.0,"turns":6.0},{"damage":2.0,"enemies":"Chosen","floor":18.0,"turns":3.0},{"damage":2.0,"enemies":"2 Thieves","floor":19.0,"turns":4.0},{"damage":5.0,"enemies":"Chosen and Byrds","floor":21.0,"turns":4.0},{"damage":8.0,"enemies":"Snake Plant","floor":22.0,"turns":3.0},{"damage":31.0,"enemies":"Gremlin Leader","floor":24.0,"turns":8.0},{"damage":0.0,"enemies":"Centurion and Healer","floor":27.0,"turns":3.0},{"damage":11.0,"enemies":"Slavers","floor":28.0,"turns":4.0},{"damage":0.0,"enemies":"3 Cultists","floor":30.0,"turns":3.0},{"damage":16.0,"enemies":"Snake Plant","floor":31.0,"turns":3.0},{"damage":26.0,"enemies":"Champ","floor":33.0,"turns":6.0},{"damage":18.0,"enemies":"3 Shapes","floor":35.0,"turns":4.0},{"damage":0,"enemies":"3 Darklings","floor":36,"turns":2},{"damage":8,"enemies":"Spire Growth","floor":37,"turns":4},{"damage":1,"enemies":"Jaw Worm Horde","floor":39,"turns":4},{"damage":0,"enemies":"Nemesis","floor":41,"turns":3},{"damage":20,"enemies":"Reptomancer","floor":46,"turns":5},{"damage":0,"enemies":"Mind Bloom Boss Battle","floor":47,"turns":4},{"damage":1,"enemies":"4 Shapes","floor":48,"turns":6},{"damage":22,"enemies":"Donu and Deca","floor":50,"turns":8}],"seed_played":"-3392335455603191794","potions_obtained":[{"floor":10.0,"key":"Fire Potion"},{"floor":11.0,"key":"Regen Potion"},{"floor":19.0,"key":"SteroidPotion"},{"floor":24.0,"key":"SpeedPotion"},{"floor":27.0,"key":"SteroidPotion"},{"floor":33.0,"key":"Regen Potion"},{"floor":35.0,"key":"DuplicationPotion"},{"floor":39,"key":"Weak Potion"},{"floor":48,"key":"EntropicBrew"}],"is_trial":false,"path_per_floor":["M","$","?","M","M","R","?","R","T","M","E","M","R","M","R","B",null,"M","M","$","M","M","R","E","?","T","M","E","R","M","M","R","B",null,"M","M","M","$","M","R","E","R","T","?","?","E","?","M","R","B",null],"character_chosen":"WATCHER","basemod:card_modifiers":[null,null,null,null,null,null,null,null,null,null,null,null,null,null,null,null,null,null,null,null,null,null,null,null,null,null,null,null,null],"items_purchased":["Halt","FlurryOfBlows","ClockworkSouvenir","TalkToTheHand"],"campfire_rested":3,"item_purchase_floors":[2,2,20,38],"current_hp_per_floor":[72,72,72,72,72,72,72,72,72,72,71,71,71,59,59,72,72,70,68,68,63,55,55,24,24,24,24,13,34,34,18,39,13,72,63,63,55,55,54,54,54,54,54,54,45,32,32,31,54,32],"gold":330,"neow_bonus":"THREE_ENEMY_KILL","is_prod":false,"is_daily":false,"chose_seed":false,"campfire_upgraded":7,"win_rate":0,"timestamp":1678517993,"path_taken":["M","$","?","M","M","R","?","R","T","M","E","?","R","M","R","BOSS","M","M","$","M","M","R","E","?","T","M","E","R","M","M","R","BOSS","M","M","M","$","M","R","E","R","T","?","?","E","?","M","R","BOSS"],"build_version":"2022-12-18","purchased_purges":2,"victory":true,"max_hp_per_floor":[72,72,72,72,72,72,72,72,72,72,72,72,72,72,72,72,72,72,72,72,72,72,72,72,72,72,72,72,72,72,72,72,72,72,72,72,72,72,72,72,72,72,72,72,72,79,79,79,79,79],"card_choices":[{"not_picked":["Prostrate","FlyingSleeves"],"picked":"Crescendo","floor":1.0},{"not_picked":["FlyingSleeves","PathToVictory"],"picked":"Halt","floor":4.0},{"not_picked":["ClearTheMind","Evaluate"],"picked":"FollowUp","floor":5.0},{"not_picked":["BowlingBash","Evaluate"],"picked":"CutThroughFate","floor":10.0},{"not_picked":["Prostrate","EmptyMind"],"picked":"Vault","floor":11.0},{"not_picked":["ClearTheMind","Halt","FlyingSleeves"],"picked":"SKIP","floor":12.0},{"not_picked":["SashWhip","EmptyMind"],"picked":"FollowUp","floor":14.0},{"not_picked":["Alpha","Establishment"],"picked":"Judgement","floor":16.0},{"not_picked":["EmptyFist","Prostrate+1"],"picked":"Protect","floor":18.0},{"not_picked":["CutThroughFate","WindmillStrike"],"picked":"Meditate","floor":19.0},{"not_picked":["BowlingBash","ClearTheMind","Wireheading+1"],"picked":"SKIP","floor":21.0},{"not_picked":["EmptyBody+1","Perseverance"],"picked":"Adaptation+1","floor":22.0},{"not_picked":["Sanctity","PathToVictory","Alpha"],"picked":"SKIP","floor":24.0},{"not_picked":["JustLucky+1","DeceiveReality+1"],"picked":"ThirdEye+1","floor":27.0},{"not_picked":["CarveReality","Indignation"],"picked":"Tantrum+1","floor":28.0},{"not_picked":["EmptyFist+1","FollowUp","ThirdEye"],"picked":"SKIP","floor":30.0},{"not_picked":["Evaluate+1","ThirdEye"],"picked":"ClearTheMind+1","floor":31.0},{"not_picked":["ThirdEye","ForeignInfluence","BowlingBash+1"],"picked":"SKIP","floor":35.0},{"not_picked":["ForeignInfluence","BowlingBash+1"],"picked":"ThirdEye","floor":35.0},{"not_picked":["JustLucky+1","Indignation","FlyingSleeves+1"],"picked":"SKIP","floor":36},{"not_picked":["ForeignInfluence","WheelKick+1","EmptyBody+1"],"picked":"SKIP","floor":37},{"not_picked":["ForeignInfluence","WheelKick+1"],"picked":"EmptyBody+1","floor":37},{"not_picked":["SashWhip","ClearTheMind+1","Protect"],"picked":"SKIP","floor":39},{"not_picked":["Evaluate","SandsOfTime","Worship"],"picked":"SKIP","floor":41},{"not_picked":["Halt+1","Weave"],"picked":"TalkToTheHand+1","floor":46},{"not_picked":["CrushJoints+1","CutThroughFate","BattleHymn+1"],"picked":"SKIP","floor":48}],"player_experience":1320307,"relics_obtained":[{"floor":9.0,"key":"Ginger"},{"floor":11.0,"key":"Bronze Scales"},{"floor":24.0,"key":"HornCleat"},{"floor":26.0,"key":"Nunchaku"},{"floor":28.0,"key":"Bag of Preparation"},{"floor":41,"key":"Orichalcum"},{"floor":43,"key":"Happy Flower"},{"floor":46,"key":"Strawberry"},{"floor":47,"key":"Dead Branch"}],"event_choices":[{"damage_healed":0.0,"max_hp_gain":0.0,"max_hp_loss":0.0,"gold_gain":0.0,"event_name":"Golden Idol","player_choice":"Ignored","floor":3.0,"gold_loss":0.0,"damage_taken":0.0},{"damage_healed":0.0,"max_hp_gain":0.0,"max_hp_loss":0.0,"gold_gain":0.0,"event_name":"WeMeetAgain","player_choice":"Ignored","floor":7.0,"gold_loss":0.0,"damage_taken":0.0},{"cards_removed":["Vault"],"damage_healed":0.0,"max_hp_gain":0.0,"max_hp_loss":0.0,"gold_gain":0.0,"event_name":"betterNote:BetterNote","player_choice":"Take \u0026 Give","floor":25.0,"gold_loss":0.0,"damage_taken":0.0,"cards_obtained":["Blasphemy"]},{"cards_removed":["Study"],"damage_healed":0,"gold_gain":0,"player_choice":"Removed Power","damage_taken":0,"max_hp_gain":0,"max_hp_loss":0,"event_name":"Falling","floor":44,"gold_loss":0},{"damage_healed":0,"gold_gain":0,"player_choice":"Embrace Madness","damage_taken":9,"max_hp_gain":0,"max_hp_loss":0,"event_name":"Winding Halls","floor":45,"gold_loss":0,"cards_obtained":["Madness","Madness"]},{"damage_healed":0,"gold_gain":0,"player_choice":"Fight","damage_taken":0,"max_hp_gain":0,"max_hp_loss":0,"event_name":"MindBloom","floor":47,"gold_loss":0}],"is_beta":false,"boss_relics":[{"not_picked":["SacredBark","Sozu"],"picked":"Runic Dome"},{"not_picked":["Calling Bell","Philosopher\u0027s Stone"],"picked":"Pandora\u0027s Box"}],"items_purged_floors":[20,38],"is_endless":false,"potions_floor_spawned":[10,11,19,24,27,33,35,39,48],"ascension_level":0}