{"gold_per_floor":[162,162,40,55,130,164,180,180,180,209,11,11,41,51,51,146,146,128,38,2,17,31,31,43,43],"floor_reached":25,"playtime":1285,"items_purged":["Strike_P"],"score":287,"play_id":"73665ae2-4e80-41c9-a52d-e60504151256","local_time":"20230608201845","is_ascension_mode":true,"campfire_choices":[{"data":"TalkToTheHand","floor":12,"key":"SMITH"},{"floor":15,"key":"REST"},{"data":"Establishment","floor":23,"key":"SMITH"}],"neow_cost":"NONE","seed_source_timestamp":978218829000500,"circlet_count":0,"master_deck":["Strike_P","Strike_P","Defend_P","Defend_P","Defend_P","Eruption+1","Vigilance","Protect","Conclude","Prostrate","TalkToTheHand+1","ClearTheMind","CutThroughFate","Fasting2","BowlingBash+1","SandsOfTime","EmptyBody","Collect","Pray","Establishment+1","BattleHymn","ThirdEye","Prostrate","CarveReality+1"],"relics":["Tiny House","Incense Burner","Question Card","Du-Vu Doll","Kunai","Cursed Key"],"potions_floor_usage":[6,6,10,16,16,18,24],"damage_taken":[{"damage":0,"enemies":"Cultist","floor":1,"turns":4},{"damage":0,"enemies":"2 Louse","floor":4,"turns":1},{"damage":14,"enemies":"Gremlin Nob","floor":6,"turns":4},{"damage":0,"enemies":"Jaw Worm","floor":7,"turns":1},{"damage":40,"enemies":"Lagavulin","floor":10,"turns":4},{"damage":31,"enemies":"3 Sentries","floor":13,"turns":5},{"damage":0,"enemies":"2 Fungi Beasts","floor":14,"turns":2},{"damage":16,"enemies":"Hexaghost","floor":16,"turns":12},{"damage":26,"enemies":"2 Thieves","floor":18,"turns":4},{"damage":0,"enemies":"Chosen","floor":21,"turns":5},{"damage":1,"enemies":"Centurion and Healer","floor":22,"turns":6},{"damage":0,"enemies":"Cultist and Chosen","floor":24,"turns":5},{"damage":56,"enemies":"Gremlin Leader","floor":25,"turns":2}],"seed_played":"2171927983573902733","potions_obtained":[{"floor":0,"key":"Swift Potion"},{"floor":4,"key":"Regen Potion"},{"floor":6,"key":"Fire Potion"},{"floor":13,"key":"Energy Potion"},{"floor":14,"key":"Swift Potion"},{"floor":16,"key":"Regen Potion"},{"floor":21,"key":"SkillPotion"}],"is_trial":false,"path_per_floor":["M","?","$","M","?","E","M","?","T","E","$","R","E","M","R","B",null,"M","?","$","M","M","R","M","E"],"character_chosen":"WATCHER","basemod:card_modifiers":[null,null,null,null,null,null,null,null,null,null,null,null,null,null,null,null,null,null,null,null,null,null,null,null],"items_purchased":["Prostrate","TalkToTheHand","SandsOfTime","EmptyBody","BattleHymn"],"campfire_rested":1,"item_purchase_floors":[3,3,11,11,20],"current_hp_per_floor":[70,63,63,63,52,50,50,75,75,35,35,35,4,4,27,11,61,49,49,49,49,48,48,48,0],"gold":43,"neow_bonus":"BOSS_RELIC","is_prod":false,"is_daily":false,"chose_seed":false,"campfire_upgraded":2,"win_rate":0,"timestamp":1686269925,"path_taken":["M","?","$","M","?","E","M","?","T","E","?","R","E","M","R","BOSS","M","?","$","M","M","R","M","E"],"build_version":"2022-12-18","purchased_purges":1,"victory":false,"max_hp_per_floor":[77,77,77,77,77,77,77,77,77,77,77,77,77,77,77,77,77,77,77,77,77,77,77,77,77],"card_choices":[{"not_picked":["CrushJoints","WindmillStrike"],"picked":"Protect","floor":0},{"not_picked":["Evaluate","Study"],"picked":"Conclude","floor":1},{"not_picked":["Consecrate","MasterReality"],"picked":"ClearTheMind","floor":4},{"not_picked":["Nirvana","Meditate"],"picked":"CutThroughFate","floor":6},{"not_picked":["SashWhip","ClearTheMind"],"picked":"Fasting2","floor":7},{"not_picked":["CutThroughFate","Consecrate","WaveOfTheHand"],"picked":"BowlingBash","floor":10},{"not_picked":["SashWhip","Wish","WaveOfTheHand"],"picked":"Collect","floor":13},{"not_picked":["Crescendo","DeceiveReality","Weave"],"picked":"Pray","floor":14},{"not_picked":["Ragnarok","Judgement","DevaForm"],"picked":"Establishment","floor":16},{"not_picked":["PathToVictory","CrushJoints","CutThroughFate","SignatureMove+1"],"picked":"SKIP","floor":18},{"not_picked":["Weave","Evaluate","SpiritShield"],"picked":"ThirdEye","floor":21},{"not_picked":["CrushJoints","JustLucky","FlurryOfBlows"],"picked":"Prostrate","floor":22},{"not_picked":["ThirdEye","DeceiveReality","Tantrum"],"picked":"CarveReality+1","floor":24}],"player_experience":1442762,"relics_obtained":[{"floor":6,"key":"Incense Burner"},{"floor":9,"key":"Question Card"},{"floor":10,"key":"Du-Vu Doll"},{"floor":13,"key":"Kunai"}],"event_choices":[{"cards_removed":["Defend_P"],"damage_healed":0,"gold_gain":0,"player_choice":"Card Removal","damage_taken":7,"max_hp_gain":0,"max_hp_loss":0,"event_name":"Golden Wing","floor":2,"gold_loss":0},{"damage_healed":0,"gold_gain":75,"player_choice":"Gather Gold","damage_taken":11,"max_hp_gain":0,"max_hp_loss":0,"event_name":"World of Goop","floor":5,"gold_loss":0},{"damage_healed":25,"gold_gain":0,"player_choice":"Banana","damage_taken":0,"max_hp_gain":0,"max_hp_loss":0,"event_name":"Big Fish","floor":8,"gold_loss":0},{"cards_removed":["Strike_P"],"damage_healed":0,"gold_gain":0,"player_choice":"Upgrade and Remove","damage_taken":0,"max_hp_gain":0,"max_hp_loss":0,"event_name":"Designer","floor":19,"gold_loss":90,"cards_upgraded":["BowlingBash"]}],"is_beta":false,"boss_relics":[{"not_picked":["SacredBark","Velvet Choker"],"picked":"Cursed Key"}],"items_purged_floors":[11],"is_endless":false,"potions_floor_spawned":[4,6,13,14,16,21],"killed_by":"Gremlin Leader","ascension_level":6}