{"gold_per_floor":[117,133,24,24,43,70,70,70,70,89,106,106,106,124,124,228,228,243,12,22,34,52,87,87,115,191,191,204,204,204,231,231,329,329,348,362,375,388,267,294,294,294,344,344,371,389,405,415,415,415],"floor_reached":51,"playtime":3888,"items_purged":["Defend_P","Strike_P","LessonLearned+1"],"score":859,"play_id":"77777c15-3583-4a13-bc94-f391b6e522b6","local_time":"20230608135027","is_ascension_mode":true,"campfire_choices":[{"floor":8.0,"key":"REST"},{"data":"Weave","floor":13.0,"key":"SMITH"},{"data":"JustLucky","floor":15.0,"key":"SMITH"},{"data":"Adaptation","floor":24.0,"key":"SMITH"},{"data":"DevaForm","floor":30.0,"key":"SMITH"},{"data":"Crescendo","floor":32,"key":"SMITH"},{"floor":41,"key":"REST"},{"floor":44,"key":"REST"},{"floor":49,"key":"REST"}],"neow_cost":"NONE","seed_source_timestamp":952212477020000,"circlet_count":0,"master_deck":["Strike_P+1","Strike_P+1","Strike_P+1","Defend_P+1","Defend_P+1","Eruption+1","Vigilance+1","ThirdEye+1","Nirvana+1","Weave+1","FearNoEvil+1","CutThroughFate+1","ThirdEye+1","JustLucky+1","Judgement+1","CutThroughFate+1","MentalFortress","Adaptation+1","Nirvana+1","FlurryOfBlows+1","Halt+1","Crescendo+1","DevaForm+1","Shrug It Off+1","Blasphemy+1","JustLucky+1","EmptyBody","Protect","Weave","Madness","Madness","FollowUp+1","Halt"],"special_seed":0,"relics":["PureWater","The Courier","Meat on the Bone","Runic Pyramid","Shuriken","Tiny Chest","Eternal Feather","Whetstone","Fusion Hammer","Lantern","Bag of Preparation","Art of War"],"potions_floor_usage":[31,38,47,50,50],"damage_taken":[{"damage":14.0,"enemies":"Cultist","floor":1.0,"turns":6.0},{"damage":2.0,"enemies":"Small Slimes","floor":2.0,"turns":4.0},{"damage":7.0,"enemies":"Jaw Worm","floor":5.0,"turns":4.0},{"damage":30.0,"enemies":"3 Sentries","floor":6.0,"turns":7.0},{"damage":1.0,"enemies":"3 Louse","floor":10.0,"turns":2.0},{"damage":0.0,"enemies":"Gremlin Gang","floor":11.0,"turns":2.0},{"damage":0.0,"enemies":"Large Slime","floor":14.0,"turns":2.0},{"damage":10.0,"enemies":"The Guardian","floor":16.0,"turns":9.0},{"damage":9.0,"enemies":"2 Thieves","floor":18.0,"turns":2.0},{"damage":15.0,"enemies":"3 Byrds","floor":20.0,"turns":4.0},{"damage":13.0,"enemies":"3 Cultists","floor":21.0,"turns":4.0},{"damage":6.0,"enemies":"Chosen and Byrds","floor":22.0,"turns":3.0},{"damage":0.0,"enemies":"Gremlin Leader","floor":23.0,"turns":5.0},{"damage":7.0,"enemies":"Slavers","floor":25.0,"turns":3.0},{"damage":11.0,"enemies":"Snecko","floor":28.0,"turns":4.0},{"damage":30,"enemies":"Gremlin Leader","floor":31,"turns":5},{"damage":11,"enemies":"Automaton","floor":33,"turns":6},{"damage":0,"enemies":"Orb Walker","floor":35,"turns":2},{"damage":39,"enemies":"3 Darklings","floor":36,"turns":3},{"damage":13,"enemies":"Transient","floor":37,"turns":5},{"damage":12,"enemies":"Sphere and 2 Shapes","floor":38,"turns":3},{"damage":6,"enemies":"Reptomancer","floor":40,"turns":4},{"damage":11,"enemies":"Jaw Worm Horde","floor":46,"turns":3},{"damage":27,"enemies":"Transient","floor":47,"turns":5},{"damage":0,"enemies":"Writhing Mass","floor":48,"turns":3},{"damage":79,"enemies":"Awakened One","floor":50,"turns":11}],"seed_played":"-6822670544948376612","potions_obtained":[{"floor":5.0,"key":"Ambrosia"},{"floor":6.0,"key":"Fruit Juice"},{"floor":11.0,"key":"Explosive Potion"},{"floor":14.0,"key":"BlessingOfTheForge"},{"floor":16.0,"key":"LiquidBronze"},{"floor":21.0,"key":"FearPotion"},{"floor":25.0,"key":"FairyPotion"},{"floor":28.0,"key":"GamblersBrew"},{"floor":33,"key":"Ancient Potion"},{"floor":35,"key":"BottledMiracle"},{"floor":38,"key":"Weak Potion"},{"floor":47,"key":"ColorlessPotion"}],"is_trial":false,"path_per_floor":["M","M","$","?","M","E","?","R","T","M","M","?","R","M","R","B",null,"M","$","M","M","M","E","R","E","T","?","M","?","R","E","R","B",null,"M","M","M","M","$","E","R","?","T","R","T","M","M","M","R","B",null],"character_chosen":"WATCHER","basemod:card_modifiers":[null,null,null,null,null,null,null,null,null,null,null,null,null,null,null,null,null,null,null,null,null,null,null,null,null,null,null,null,null,null,null,null,null],"items_purchased":["Weave","MentalFortress","Adaptation","Nirvana","Protect"],"campfire_rested":4,"item_purchase_floors":[3,19,19,19,39],"current_hp_per_floor":[58,56,56,49,42,12,12,33,33,44,44,68,68,68,68,63,77,68,68,53,40,46,46,46,39,39,39,40,40,55,37,52,41,77,77,50,49,49,49,43,77,67,67,77,77,66,39,39,77,35],"gold":415,"neow_bonus":"ONE_RANDOM_RARE_CARD","is_prod":false,"is_daily":false,"chose_seed":false,"campfire_upgraded":5,"win_rate":0,"timestamp":1686246627,"path_taken":["M","M","$","?","M","E","?","R","T","?","?","?","R","M","R","BOSS","M","$","M","M","M","E","R","E","T","?","M","?","R","E","R","BOSS","M","M","M","M","$","E","R","?","T","R","?","M","M","M","R","BOSS"],"build_version":"2022-12-18","purchased_purges":3,"victory":true,"max_hp_per_floor":[72,72,72,72,72,72,72,72,72,72,72,72,72,72,72,77,77,77,77,77,77,77,77,77,77,77,77,77,77,77,77,77,77,77,77,77,77,77,77,77,77,77,77,77,77,77,77,77,77,77],"card_choices":[{"not_picked":["ForeignInfluence","EmptyBody"],"picked":"ThirdEye","floor":1.0},{"not_picked":["Worship","PathToVictory"],"picked":"Nirvana","floor":2.0},{"not_picked":["Swivel","Evaluate"],"picked":"FearNoEvil","floor":5.0},{"not_picked":["TalkToTheHand","FlyingSleeves"],"picked":"CutThroughFate","floor":6.0},{"not_picked":["Alpha","JustLucky"],"picked":"ThirdEye","floor":10.0},{"not_picked":["PathToVictory","FlyingSleeves"],"picked":"JustLucky","floor":11.0},{"not_picked":["Study","BowlingBash","Pray"],"picked":"SKIP","floor":14.0},{"not_picked":["DeusExMachina","Establishment"],"picked":"Judgement","floor":16.0},{"not_picked":["SashWhip+1","Wireheading"],"picked":"CutThroughFate","floor":18.0},{"not_picked":["Wallop","BattleHymn","DeceiveReality"],"picked":"SKIP","floor":20.0},{"not_picked":["FearNoEvil","Prostrate"],"picked":"FlurryOfBlows+1","floor":21.0},{"not_picked":["FollowUp","Study"],"picked":"Halt+1","floor":22.0},{"not_picked":["DeceiveReality","BowlingBash"],"picked":"Crescendo","floor":23.0},{"not_picked":["BowlingBash","Tantrum+1"],"picked":"DevaForm","floor":25.0},{"not_picked":["CarveReality","Halt","Consecrate"],"picked":"SKIP","floor":28.0},{"not_picked":["Halt","BowlingBash","Crescendo"],"picked":"SKIP","floor":31},{"not_picked":["SpiritShield","Ragnarok"],"picked":"Blasphemy","floor":33},{"not_picked":["InnerPeace","Consecrate+1"],"picked":"JustLucky+1","floor":35},{"not_picked":["Crescendo","Indignation","FollowUp"],"picked":"SKIP","floor":36},{"not_picked":["WaveOfTheHand+1","Consecrate+1"],"picked":"EmptyBody","floor":37},{"not_picked":["ThirdEye","BattleHymn+1","Worship"],"picked":"SKIP","floor":38},{"not_picked":["Collect","Prostrate"],"picked":"Weave","floor":40},{"not_picked":["Crescendo+1","Fasting2+1"],"picked":"FollowUp+1","floor":46},{"not_picked":["Tantrum","Halt","MasterReality"],"picked":"SKIP","floor":47},{"not_picked":["Tantrum","MasterReality"],"picked":"Halt","floor":47},{"not_picked":["DeceiveReality+1","FlyingSleeves+1","Indignation+1"],"picked":"SKIP","floor":48}],"player_experience":1436136,"relics_obtained":[{"floor":6.0,"key":"The Courier"},{"floor":9.0,"key":"Meat on the Bone"},{"floor":23.0,"key":"Shuriken"},{"floor":25.0,"key":"Tiny Chest"},{"floor":26.0,"key":"Eternal Feather"},{"floor":31,"key":"Whetstone"},{"floor":40,"key":"Lantern"},{"floor":43,"key":"Bag of Preparation"},{"floor":45,"key":"Art of War"}],"event_choices":[{"cards_removed":["Defend_P"],"damage_healed":0.0,"max_hp_gain":0.0,"max_hp_loss":0.0,"gold_gain":0.0,"event_name":"Golden Wing","player_choice":"Card Removal","floor":4.0,"gold_loss":0.0,"damage_taken":7.0},{"damage_healed":0.0,"max_hp_gain":0.0,"max_hp_loss":0.0,"gold_gain":0.0,"event_name":"Accursed Blacksmith","player_choice":"Forge","floor":7.0,"gold_loss":0.0,"damage_taken":0.0,"cards_upgraded":["Nirvana"]},{"damage_healed":24.0,"max_hp_gain":0.0,"max_hp_loss":0.0,"gold_gain":0.0,"event_name":"Big Fish","player_choice":"Banana","floor":12.0,"gold_loss":0.0,"damage_taken":0.0},{"cards_removed":["LessonLearned"],"damage_healed":0.0,"max_hp_gain":0.0,"max_hp_loss":0.0,"gold_gain":0.0,"event_name":"betterNote:BetterNote","player_choice":"Take \u0026 Give","floor":27.0,"gold_loss":0.0,"damage_taken":0.0,"cards_obtained":["Shrug It Off"]},{"damage_healed":0.0,"max_hp_gain":0.0,"max_hp_loss":0.0,"gold_gain":0.0,"event_name":"The Mausoleum","player_choice":"Ignored","floor":29.0,"gold_loss":0.0,"damage_taken":0.0},{"damage_healed":0,"gold_gain":0,"player_choice":"Embrace Madness","damage_taken":10,"max_hp_gain":0,"max_hp_loss":0,"event_name":"Winding Halls","floor":42,"gold_loss":0,"cards_obtained":["Madness","Madness"]}],"is_beta":false,"boss_relics":[{"not_picked":["Pandora\u0027s Box","Philosopher\u0027s Stone"],"picked":"Runic Pyramid"},{"not_picked":["Tiny House","Empty Cage"],"picked":"Fusion Hammer"}],"items_purged_floors":[3,19,39],"is_endless":false,"potions_floor_spawned":[5,6,11,14,16,21,25,28,33,35,38,40,47,48],"ascension_level":4}